2398 3328
558 199 651 254 IX.

488 272 703 322 Eremita.

90 349 220 404 DE
287 338 671 396 MONTE
740 333 1115 385 Luco.

36 423 39 425 ’
257 417 366 466 Ons
401 410 466 461 est
485 424 655 474 parum
678 405 857 453 distans
892 404 952 452 ab
974 402 1114 452 Urbe

93 419 239 541 M
276 479 568 546 Spoletana‚
588 475 740 537 vulgo
757 471 917 520 distus
938 472 1115 520 Monte

90 553 262 610 Luco,
248 568 293 600 m
309 566 407 615 quo
426 545 746 594 Eremitarum
768 539 1112 601 Congregatio

88 630 410 672 commoratur
428 609 777 676 antiquiflima.
821 605 939 668 Ejus
960 608 1113 668 origi·

89 703 195 738 nem
230 685 297 735 D.
314 682 481 732 loanni
505 678 814 727 Antiocheno
852 676 1112 730 tribuunt,

40 788 44 789 ν
88 753 337 821 postquam
377 753 424 797 in
461 747 652 798 Italiam
687 741 931 808 profectus
959 743 1110 790 Urbis

86 823 345 902 Spoletane
359 815 581 883 pastorali
601 829 724 862 curae
742 809 982 865 addietum
986 811 1112 858 circa

89 905 264 939 annum
286 905 311 937 a
333 898 475 950 partu
495 882 727 960 Virginis
733 876 1103 927 trecentefimu'
1086 894 1112 925 a

87 959 137 1007 S.
140 956 267 1019 Cajo
283 955 416 1003 Sum
435 954 576 1001 Pont.
612 949 735 997 eirca
758 963 867 994 ann.
891 961 1000 1010 304.
1028 945 1112 993 sub

86 1024 392 1075 Maximiano
407 1022 523 1082 lmp.
535 1015 757 1082 martyrii
775 1013 984 1078 palmam
1000 1013 1115 1062 ade·

85 1106 199 1159 ptus
221 1091 347 1140 fuit.
371 1086 565 1149 Singuli
587 1083 729 1146 hujus
750 1082 1117 1143 Congregatio-

85 1163 160 1211 nis
181 1158 381 1207 Alumni
412 1153 613 1202 solitarii
635 1153 828 1205 vivunt,
852 1165 981 1197 more
1003 1148 1118 1196 Ere-

85 1229 314 1278 mitarum
335 1219 674 1271 Camaldulen.
695 1219 740 1265 in
762 1217 971 1272 cellulis,
976 1235 1000 1265 a
1021 1233 1117 1265 coe-

87 1298 205 1346 teris
234 1290 571 1357 separatis3uni
592 1300 750 1336 tamen
773 1284 1115 1347 subjiciuntur,

90 1379 233 1429 quem
253 1363 461 1410 Priorem
479 1367 670 1410 vocant,
693 1354 739 1401 8<
758 1352 954 1414 lingulis
978 1355 1114 1401 annis

91 1431 406 1496 plurimorum
426 1422 662 1484 suffragiis
694 1421 915 1483 eligunt,
941 1434 994 1469 ut
1015 1437 1115 1469 mos

91 1495 159 1548 est
177 1497 271 1546 fere
290 1497 505 1542 omnium
520 1488 879 1558 Religiosorum
897 1487 1118 1550 Congre-

91 1566 376 1628 gationum.
413 1558 587 1622 Aliqui
621 1570 789 1605 eorum
820 1549 1114 1604 sacerdotali

94 1630 332 1680 caraaere
367 1627 477 1676 sunt
510 1623 755 1686 iufigniti,
791 1624 839 1672 &
875 1637 1118 1672 vocantur

95 1699 296 1752 Patres,
325 1694 486 1744 coeteri
506 1695 621 1741 vero
641 1689 832 1738 Fratres
851 1689 1116 1738 dicuntur.

96 1762 244 1811 Veste
263 1773 466 1810 utuntur
495 1758 671 1805 eoloris
705 1754 978 1812 mustelini,
1014 1756 1116 1818 ejus

96 1830 191 1879 fiere
225 1830 385 1878 formae
404 1861 420 1883 ,
453 1839 600 1889 quam
634 1821 820 1884 gestant
838 1823 1106 1886 Religion·
1090 1841 1115 1873 a

96 1897 145 1944 S.
150 1895 403 1945 Francisco
439 1893 495 1940 de
517 1891 665 1939 Paula
685 1888 923 1939 Instituti.
960 1892 1116 1940 Ante-

94 1973 238 2028 quam
265 1965 312 2009 in
329 1959 741 2022 cogregationem
757 1956 1112 2014 admittantur,

95 2030 247 2095 spatio
266 2031 409 2078 unius
430 2027 540 2074 anni
558 2023 816 2090 Tyronum
841 2027 1004 2074 munia
1026 2043 1112 2075 ex·

94 2110 272 2153 creent,
290 2094 390 2160 post
404 2109 543 2158 quem
561 2091 629 2139 sui
644 2092 942 2141 oblationem
962 2095 1112 2143 devo-

95 2168 141 2214 ῐὲ
159 2166 436 2217 enunciant,
459 2176 550 2208 non
574 2172 728 2208 tamen
753 2173 866 2208 vota
890 2160 1113 2224 Religio-

95 2233 249 2281 sorum
265 2227 881 2294 profitentur3quamobrem
899 2227 1010 2282 licet
1026 2230 1112 2278 fin-

97 2300 243 2360 gulis,
263 2299 398 2346 venia
418 2314 442 2344 a
462 2295 719 2358 Superiore
740 2297 921 2358 petita,
959 2298 982 2345 εὶ
1005 2298 1113 2346 soli-

97 2367 260 2414 tudine
279 2365 522 2411 recedere.
560 2363 693 2410 Bona
715 2362 971 2424 poflident
959 2382 1005 2413 in
1029 2373 1112 2414 ςό·

97 2435 258 2487 muni,
280 2431 470 2495 quibus
475 2430 706 2477 aluntur.
727 2429 943 2479 Diui-nas
963 2433 1107 2483 horas

95 2503 267 2564 partim
288 2501 332 2544 in
350 2498 566 2545 oratione
585 2499 813 2553 mentali,
834 2501 1103 2566 precibusq5

95 2568 352 2615 traducunt
358 2566 545 2626 ,partim
564 2564 608 2610 in
627 2566 955 2629 corporalibus
972 2586 1106 2617 exer-

97 2634 409 2682 citationibus
439 2631 708 2679 insumunt.
745 2633 910 2698 Aliqui
933 2634 1103 2684 discal-

95 2702 216 2748 ceati
234 2699 476 2753 incedunt,
499 2699 648 2761 aliqui
668 2700 875 2756 calceiS‚
900 2704 969 2749 vel
1000 2705 1100 2753 soc-

92 2767 160 2813 cis
179 2783 263 2830 pro
283 2768 423 2813 libito
445 2779 675 2821 utuntur,
705 2767 751 2815 8<
770 2769 947 2830 pileum
968 2775 1098 2837 capi-

89 2845 136 2881 te
153 2833 352 2894 gestant‚
371 2833 399 2879 fi
421 2834 586 2880 lubet.

139 2901 204 2939 De
217 2901 278 2940 his
294 2901 483 2960 Jacobill
484 2913 527 2939 cs
542 2900 584 2940 in
602 2898 703 2938 Vita
720 2900 760 2938 S.
769 2901 905 2941 Franc.
912 2908 955 2944 de
971 2905 1094 2948 Paul.

89 2952 324 3001 Leoncillus,
337 2961 383 3000 θ’
398 2954 625 3007 campellus
640 2951 784 3005 inhist.
801 2954 915 3008 Spol:
913 2959 979 2998 ·ti

1676 190 1768 245 IX.

1618 264 1835 314 Eremita

1229 333 1338 384 DI
1408 331 1799 382 MONTE
1870 331 2206 383 LUCO.

1268 404 1320 452 N
1335 418 1398 451 un
1417 413 1727 465 monte‚poco
1750 398 1955 449 distante
1977 399 2108 452 dalla
2125 400 2239 451 Cit-

1289 474 1341 519 ta
1356 470 1405 518 di
1424 470 1634 533 Spoleti,
1653 468 1791 516 detto
1812 468 1983 516 Monte
1998 467 2237 524 Luco‚vi-

1197 554 1329 586 vono
1350 537 1511 586 alcuni
1533 536 1742 591 Romiti,
1764 537 1778 582 i
1804 536 1941 600 quali
1965 537 2238 587 riconosco-

1196 606 1323 654 nola
1346 606 1451 653 loro
1475 603 1753 652 istituzione
1789 605 1852 652 da
1877 605 1925 652 S.
1943 604 2199 654 Gi0vanni
2220 641 2237 663 ‚

1198 676 1367 722 nativo
1385 674 1434 720 di
1452 672 1715 720 Antiochia
1732 705 1747 725 ‚
1767 671 1800 718 il
1820 671 1964 737 quale
1986 686 2166 722 venuto
2185 675 2235 722 in

1198 742 1338 789 Italia
1363 741 1409 789 fu
1429 752 1596 789 creato
1617 737 1840 787 Vescovo
1877 741 1926 786 di
1960 741 2148 804 Spoleti
2172 741 2236 791 da

1196 808 1379 871 S.Gaj0
1401 810 1531 871 Papa
1551 808 1676 855 circa
1697 806 1860 854 l'anno
1880 823 2017 871 300.e
2039 810 2088 857 ffi
2109 827 2236 860 mar-

1196 878 1426 925 tirizzato
1468 875 1598 924 sotto
1636 873 1936 924 Maffimiano
1978 878 2088 926 nell'
2107 895 2237 929 anno

1198 960 1307 1009 304.
1330 944 1575 993 Ciascuno
1594 944 1642 990 di
1663 941 1737 992 effi
1758 944 1867 991 vive
1884 946 2079 994 ritirato
2100 950 2146 994 in
2165 948 2237 997 al·

1194 1029 1317 1061 eune
1338 1011 1478 1060 Celle
1496 1046 1511 1067 ‚
1551 1009 1767 1074 separate
1788 1011 1918 1060 l'una
1937 1013 2056 1062 dall'
2075 1014 2201 1065 altra
2220 1051 2236 1074 ,

1193 1082 1443 1129 conforme
1461 1078 1621 1144 quelle
1652 1079 1784 1140 degli
1808 1076 2010 1130 Eremiti
2033 1081 2236 1134 Camal-

1192 1147 1338 1196 dolefi
1357 1169 1372 1209 3
1404 1145 1720 1196 riconoscono
1742 1150 1858 1209 pero
1876 1183 1890 1204 ‚
1910 1165 1936 1196 e
1959 1149 2236 1213 dipendono

1193 1215 1252 1262 da
1274 1233 1336 1264 un
1360 1215 1507 1280 Capo
1528 1249 1543 1271 ,
1577 1216 1717 1263 detto
1737 1215 1903 1264 Priore
1923 1252 1937 1273 ,
1969 1234 1994 1266 e
2015 1219 2185 1283 questo
2204 1219 2235 1268 fi

1192 1283 1363 1347 elegge
1380 1286 1497 1346 ogni
1523 1298 1652 1331 anno
1673 1300 1761 1332 con
1786 1285 1890 1332 voti
1910 1285 2100 1348 segreti‚
2119 1305 2236 1337 con-

1192 1352 1339 1399 forme
1360 1351 1388 1399 fi
1408 1350 1625 1400 costuma
1649 1351 1772 1400 nelle
1795 1350 2077 1416 Religioni.
2104 1356 2238 1406 Sono

1191 1417 1374 1468 distinti
1395 1421 1442 1467 in
1472 1420 1727 1469 Sacerdoti
1754 1455 1768 1476 ‚
1808 1421 2042 1470 chiamati
2078 1440 2167 1473 con
2200 1426 2236 1473 il

1191 1486 1340 1535 titolo
1361 1488 1407 1535 di
1429 1488 1588 1543 padri,
1611 1504 1637 1536 e
1659 1489 1707 1536 in
1728 1487 1888 1544 Laici,
1904 1491 1988 1538 che
2008 1488 2039 1537 fi
2053 1491 2235 1542 dicono

1193 1552 1323 1602 Frati
1344 1575 1358 1612 ς
1398 1554 1600 1602 L’abito
1638 1556 1748 1602 loro
1783 1559 1806 1603 ὲ
1843 1555 1988 1606 {imile
2020 1574 2049 1606 a
2073 1561 2236 1624 quello

1191 1622 1303 1669 delli
1329 1621 1460 1670 Frati
1495 1623 1543 1670 di
1582 1623 1630 1670 S.
1652 1621 1916 1672 Francesco
1951 1626 2001 1672 di
2017 1628 2167 1676 Paola
2184 1629 2235 1676 di

1193 1690 1353 1740 colore
1370 1691 1418 1736 di
1439 1690 1659 1739 cannella
1676 1691 1843 1739 scura.
1866 1691 2016 1757 Dopo
2038 1696 2235 1746 haverlo

1193 1756 1328 1818 preso
1345 1772 1435 1804 con
1453 1757 1680 1806 consenso
1694 1758 1770 1806 del
1790 1761 2116 1813 Priorefanno
2131 1765 2235 1814 det-

1191 1825 1227 1870 ti
1248 1822 1437 1872 Romiti
1461 1841 1526 1873 un
1530 1830 1675 1874 'anno
1688 1825 1739 1873 di
1762 1827 2068 1886 Noviziato.
2102 1832 2234 1898 dopo

1192 1890 1223 1936 il
1244 1892 1388 1954 quale
1419 1892 1534 1941 sono
1561 1893 1764 1942 ammeffi
1796 1895 1922 1943 nella
1944 1896 2090 1961 Cong
2055 1915 2233 1963 grega-

1191 1959 1332 2007 zione
1351 1975 1443 2006 con
1469 1976 1566 2009 una
1582 1962 1842 2012 oblazione
1861 1963 1975 2012 dise
1995 1963 2137 2025 stem,
2153 1984 2230 2019 ma

1191 2023 1327 2075 senza
1349 2028 1472 2083 voti,
1498 2027 1626 2077 onde
1647 2028 1847 2093 possono
1871 2030 2097 2090 uscire,ed
2116 2034 2231 2086 effer

1189 2093 1247 2140 da
1274 2095 1436 2159 quella
1471 2096 1751 2146 licenziati.
1789 2098 1860 2147 Le
1891 2099 1998 2149 loro
2015 2118 2228 2169 occupa-

1188 2163 1319 2208 zioni
1341 2162 1453 2210 sono
1480 2166 1627 2220 varie,
1646 2167 1817 2229 poiche
1834 2168 1962 2231 dopo
1982 2169 2025 2217 le
2044 2186 2126 2220 ore
2141 2173 2228 2221 de·

1190 2232 1443 2277 terminate
1469 2248 1549 2293 per
1566 2234 1636 2293 gli
1668 2232 1897 2282 Effercitii
1919 2235 2156 2299 spirituali
2174 2239 2227 2288 di

1189 2298 1418 2344 orazione
1437 2298 1464 2344 fi
1482 2317 1737 2364 occupano
1753 2303 1798 2348 in
1820 2302 1973 2351 lavori
1990 2308 2225 2367 manuali,

1188 2362 1394 2412 secondo
1412 2365 1442 2411 il
1467 2369 1632 2428 genio,
1660 2386 1684 2417 e
1708 2368 1877 2418 abilita
1900 2371 1945 2418 di
1967 2374 2223 2426 ciascunO.

1188 2430 1392 2480 Poffono
1415 2433 1652 2496 possedere
1671 2438 1777 2485 beni
1802 2435 1970 2496 stabili,
1993 2456 2018 2488 e
2040 2444 2118 2490 cio
2135 2446 2224 2496 che

1188 2499 1248 2547 da
1269 2500 1356 2548 essi
1380 2499 1409 2546 fi
1432 2503 1700 2564 raccoglie‚
1721 2522 1742 2552 s
1747 2506 1971 2568 impiega
1994 2509 2068 2556 nel
2089 2527 2223 2562 mau-

1190 2568 1455 2616 tenimento
1489 2586 1741 2620 commune
1772 2608 1784 2619 .
1837 2573 2020 2623 Alcuni
2057 2595 2218 2630 vanno

1187 2633 1349 2691 scalzi,
1371 2636 1479 2685 altri
1504 2638 1649 2687 usano
1672 2640 1860 2703 scarpe,
1878 2658 2025 2690 overo
2044 2661 2219 2696 zocco-

1185 2701 1253 2756 li,
1283 2719 1307 2750 e
1329 2704 1534 2751 uscendo
1555 2706 1632 2753 dal
1648 2708 1959 2766 Romitorio,
1996 2710 2216 2775 fogliono

1186 2785 1377 2833 portare
1399 2773 1443 2818 in
1467 2771 1585 2821 testa
1607 2775 1639 2822 il
1660 2775 1909 2841 cappello.

1252 2906 1315 2946 Di
1336 2905 1400 2957 effi
1425 2907 1564 2959 sttiffi‘
1601 2909 1631 2948 i
1628 2909 1770 2961 ’Jaco
1751 2911 1828 2950 bi
1828 2911 1871 2951 li
1900 2913 2007 2953 nella
2035 2914 2140 2957 Vita
2167 2919 2214 2960 di

1185 2959 1226 2999 S.
1235 2961 1288 2998 Fr
1290 2960 1445 3019 anccsto
1460 2962 1502 3000 di
1516 2962 1676 3002 Paola.
1705 2965 1746 3005 ll
1758 2966 1971 3014 Leoncilli,
1974 2982 1995 3008 e
2008 2970 2211 3023 Campelli

1186 3013 1281 3053 nell’
1284 3014 1361 3053 lfto
1342 3015 1432 3054 ria
1448 3015 1492 3054 di
1504 3014 1685 3067 Spoleti.
1841 3071 1877 3111 C
