2462 3412
149 178 260 230 cum
275 175 474 226 unicum
492 171 772 221 Romanum
789 166 816 218 a
834 168 922 218 Pio
935 161 1024 212 1v.
1036 161 1291 213 fundatum
1309 162 1466 228 impar
1482 160 1593 214 effet
1607 162 1667 212 ad
1682 174 1884 214 coeteras
1899 164 2163 223 Nationes,
2178 182 2274 216 coe-

151 244 372 309 tei-osque
387 238 581 290 diversa:
597 236 891 288 conditionis
908 235 1121 300 Juvenes
1140 230 1457 296 excipiendos
1476 265 1494 288 ‚
1522 232 1675 297 quiin
1696 234 1766 282 eis
1783 234 1984 283 enutriti
2003 267 2018 290 ,
2048 236 2277 285 florerent

154 314 372 366 feliciter,
391 309 439 359 8(
456 305 644 357 frustus
657 307 708 353 in
722 305 922 359 bonum,
941 315 1034 348 non
1057 297 1246 347 tantum
1264 297 1420 350 Urbis
1435 299 1483 350 8(
1502 299 1673 357 Italiae,
1689 298 1768 350 sed
1784 297 1996 366 Europae
2011 335 2027 359 ,
2045 302 2277 352 aliarum-

154 398 250 448 que
267 379 418 428 Orbis
439 377 666 438 partium,
684 370 878 421 abunde
900 367 1225 433 producerent
1240 402 1252 414 .

288 443 441 513 Qiod
458 441 490 491 fi
507 453 654 506 caput
671 442 697 488 ὲ
717 437 918 488 tumulis
931 436 1172 498 erigerent
1186 435 1354 484 Patres
1369 434 1439 483 illi
1456 431 1795 499 sapientissimi,
1810 434 1860 484 ἃ
1873 434 2279 501 Seminariajux-

157 516 206 567 ta
225 514 435 581 ipsorum
451 511 605 572 legem
624 508 792 558 Romae
812 503 1050 560 instituta,
1066 501 1606 567 conspicerent‚quanta
1624 502 1718 551 illis
1738 517 2019 554 occurreret
2035 505 2281 568 gaudiorfi

158 585 309 649 seges,
324 589 505 645 quanta
522 575 738 625 dulcium
758 574 1114 638 lachrymarum
1137 585 1256 618 vena
1275 570 1604 634 panderetur?
1635 569 1724 619 Ille
1744 571 1999 635 praesertim
2021 573 2107 622 suo
2128 572 2280 622 Semi-

159 651 294 699 nario
310 645 548 709 gauderet
567 643 850 692 Max.Pont.
869 642 984 690 Pius
1004 674 1019 695 ,
1037 641 1125 702 qui
1147 636 1292 694 Coeli,
1310 650 1545 703 terraeque
1562 637 1772 688 arbitrer
1789 655 1960 688 manus
1979 652 2124 690 tanto
2145 641 2282 705 operi

192 717 340 765 rimus
356 712 576 762 admovit
592 745 608 767 ,
638 723 695 759 ut
728 726 790 758 ex
809 703 1031 758 instituto
1047 705 1320 755 Seminario
1351 703 1464 754 effet
1482 705 1641 756 Roma
1665 707 1972 770 scientiarum
1991 709 2165 758 nutrix
2183 743 2199 764 ,
2235 708 2285 756 8(

158 734 350 846 Regina
369 781 566 828 virtutis
586 813 599 835 ‚
619 791 676 827 ut
692 778 808 826 olim
830 793 891 825 ex
909 776 1068 825 erefto
1087 773 1343 837 Capitolio
1363 772 1492 822 sedes
1513 786 1619 824 erat
1637 772 1916 837 ampliffima
1936 773 2218 837 majestatis,
2237 776 2285 823 8(

158 851 327 915 gloriae
345 884 357 896 .
377 847 526 895 Certe
544 862 640 894 non
661 844 818 893 minus
838 844 997 893 Roma
1018 857 1148 891 nunc
1161 842 1394 904 temporis
1416 842 1611 904 pietatis
1628 839 1909 903 magisterio
1924 842 2106 892 Orbem
2121 843 2291 907 imple-

162 911 253 975 vit,
272 933 329 966 ac
346 914 463 964 olim
481 913 574 963 suae
592 914 819 979 potentia
839 912 1099 961 conatibus
1121 910 1395 973 occuparit,
1418 908 1596 974 dispari
1615 908 1814 974 quidem
1836 910 1999 967 modo,
2017 909 2094 959 sed
2110 911 2292 973 gloria,

164 988 214 1038 &
230 984 448 1035 utilitate
467 979 667 1044 major13
688 996 776 1029 nec
792 981 921 1028 enim
942 994 1096 1028 mores
1109 978 1303 1034 ‚imitata
1327 989 1510 1026 veteres
1531 975 1692 1026 Roma
1711 978 1951 1026 recentior
1968 1012 1984 1035 ,
2015 979 2077 1028 ad
2095 991 2291 1027 exteras

163 1064 333 1118 gentes
352 1049 571 1099 colonias
592 1049 745 1098 mittit
762 1081 776 1105 ,
804 1045 881 1096 sed
900 1059 1178 1095 exterarum
1196 1045 1420 1106 gentium
1439 1046 1487 1092 in
1507 1044 1790 1093 Seminariis
1811 1044 2031 1095 colonias
2051 1047 2261 1110 imponit
2278 1080 2293 1101 ,

165 1132 223 1170 ut
240 1120 519 1184 peregrinos
550 1116 763 1181 populos
783 1113 893 1163 suos
913 1114 1067 1163 veluti
1086 1116 1218 1161 cives
1256 1114 1485 1161 maternis
1506 1113 1729 1162 admotos
1750 1113 1981 1163 uberibus
2001 1114 2199 1163 uberius
2224 1113 2297 1161 la-

169 1187 268 1237 &et
284 1221 298 1243 ,
319 1183 632 1248 romanosque
651 1184 800 1232 faciat
820 1197 914 1229 non
935 1181 1167 1243 sanguine
1186 1214 1200 1236 ‚
1220 1179 1299 1227 sed
1318 1180 1552 1236 moribus,
1574 1196 1668 1228 non
1688 1182 1863 1243 patria,
1886 1179 1961 1230 sed
1979 1193 2143 1230 amore
2163 1216 2175 1229 .

307 1251 371 1301 Et
389 1251 586 1318 quidem
604 1253 716 1315 quis
735 1264 959 1311 magnam
981 1251 1106 1297 hanc
1122 1248 1308 1297 Urbem
1330 1247 1538 1296 Romam
1557 1263 1652 1295 non
1679 1247 2038 1298 admirabitur?
2071 1263 2303 1311 magnum

174 1320 283 1372 sane
303 1321 416 1375 fuit,
437 1333 493 1368 ut
510 1319 670 1368 Urbes
692 1334 857 1366 omnes
882 1315 1008 1365 faao
1029 1316 1181 1365 veluti
1202 1313 1375 1364 foedere
1394 1314 1605 1363 Romam
1622 1327 1880 1375 ornarent3
1902 1315 2059 1379 majus
2074 1327 2231 1366 tamen
2254 1327 2309 1365 ut

175 1389 335 1438 Roma
351 1388 516 1437 Urbes
531 1402 695 1435 omnes
714 1401 874 1434 amore
894 1383 1332 1448 complesteretur3
1372 1385 1637 1431 maximum
1666 1396 1721 1431 ut
1743 1382 1989 1432 beneficiis
2009 1400 2090 1433 eas
2109 1400 2310 1440 corona-

180 1470 284 1517 ret;
304 1458 394 1504 hoc
413 1470 572 1520 namq3
597 1455 784 1502 coeteris
804 1454 1015 1515 imperiis
1039 1455 1217 1500 eminet
1238 1449 1416 1506 Roma,
1436 1450 1568 1514 quod
1589 1467 1683 1498 non
1708 1452 1791 1499 uni
1812 1451 2018 1515 Populo,
2034 1465 2091 1501 ut
2110 1452 2214 1508 illa,
2234 1450 2310 1500 sed

186 1523 412 1574 omnibus
434 1522 530 1570 late
553 1521 896 1575 Gentibus,uti
918 1518 1076 1582 praecst
1097 1519 1313 1582 imperio,
1331 1517 1390 1564 sic
1407 1517 1722 1567 beneficentia
1740 1519 1972 1581 praecellit
1991 1556 2003 1567 .
2021 1520 2075 1566 Si
2095 1519 2232 1569 Mare
2247 1521 2313 1567 ri-

185 1607 276 1642 vos
293 1605 459 1638 omnes
477 1609 492 1646 ς
517 1589 780 1652 omniaque
800 1589 995 1635 flumina
1018 1588 1208 1648 recipit,
1229 1585 1313 1633 illa
1334 1586 1575 1640 Nationes
1595 1601 1780 1642 omnes,
1801 1587 1870 1635 uti
1893 1586 2002 1636 suos
2024 1585 2196 1643 Cives,
2217 1603 2315 1636 am-

187 1657 434 1723 plestitun
455 1657 501 1704 8(
523 1657 687 1716 fovet3
711 1656 736 1703 ἐι
758 1655 883 1703 Mari
898 1666 1056 1702 tamen
1078 1652 1236 1717 dispar
1251 1687 1266 1709 ,
1301 1653 1436 1718 quod
1452 1654 1499 1701 in
1516 1653 1605 1702 illo
1622 1653 1755 1703 suam
1773 1652 2079 1704 dulcedinem
2097 1689 2112 1711 ‚
2133 1654 2316 1719 suaque

187 1725 382 1775 nomina
402 1723 610 1788 perdunt
629 1724 828 1771 flumina
844 1742 858 1780 ς
875 1721 1035 1770 Roma
1053 1723 1267 1769 omnium
1288 1720 1428 1770 dotes
1449 1735 1616 1784 auget,
1636 1725 1841 1781 omnes(
1861 1738 2144 1789 quanquam
2162 1723 2318 1773 exteri

190 1791 296 1851 sint)
322 1791 587 1839 virtutibus
608 1790 774 1852 implet
794 1822 808 1844 ,
830 1790 876 1835 &
898 1789 1116 1835 cumulat
1141 1785 1414 1836 beneficiis:
1451 1787 1785 1855 Qamobrem
1805 1789 1836 1837 fi
1854 1806 2021 1840 omnes
2038 1792 2087 1838 in
2107 1789 2319 1840 diversas

192 1854 558 1927 quodammodo
585 1857 709 1903 acies
731 1854 1010 1903 distributos
1035 1868 1145 1904 ante
1162 1854 1335 1903 oculos
1355 1854 1765 1923 circumspicerem
1785 1890 1800 1913 ,
1827 1858 1899 1906 his
1920 1891 1935 1914 ,
1976 1870 2064 1908 aut
2083 1857 2319 1907 similibus

195 1925 351 1976 verbis
376 1923 560 1987 alloqui
581 1921 791 1984 singulos
812 1919 984 1986 possem
1006 1958 1017 1970 .

326 1989 592 2058 Qotquot
612 1989 691 2037 hic
710 1987 883 2037 adestis
902 1989 1138 2051 generosa:
1159 1989 1336 2038 indolis
1360 1988 1704 2041 Adolescentes
1718 2026 1733 2049 ,
1754 1993 1799 2041 in
1821 1991 1919 2041 finu
1941 1993 2207 2043 Pontificiae
2230 1992 2322 2042 Be-

196 2056 473 2112 neficentiae,
495 2057 542 2105 8(
561 2055 796 2104 Romanae
815 2056 1106 2114 Charitatis,
1130 2070 1429 2122 peramanter
1456 2060 1684 2122 excepti,
1706 2077 1793 2109 vos
1813 2077 1979 2109 omnes
1998 2058 2189 2110 Divina
2212 2063 2323 2110 Pro-

198 2126 417 2175 videntia
435 2123 602 2186 selegit
617 2157 633 2180 ,
652 2135 706 2172 ut
727 2122 955 2181 scientiis,
970 2127 1175 2182 artibus,
1197 2138 1342 2188 atque
1362 2128 1407 2173 in
1427 2128 1595 2189 primis
1616 2127 1823 2176 honestis
1844 2130 2058 2177 moribus
2076 2130 2322 2185 excultos,

199 2193 260 2241 ad
279 2193 497 2240 divinum
517 2190 701 2239 cultum
721 2193 1098 2254 promovendum
1116 2228 1129 2249 ,
1151 2192 1208 2241 ad
1231 2195 1461 2257 pietatem
1483 2195 1528 2241 in
1550 2195 1748 2243 familiis
1769 2195 2090 2244 excolendam
2109 2231 2123 2253 ,
2155 2196 2215 2246 ad
2236 2214 2323 2246 au-

202 2259 411 2323 gendum
431 2257 740 2321 Templorum
762 2261 982 2315 nitorem,
999 2261 1201 2309 idoneos
1221 2259 1440 2310 redderet
1458 2282 1472 2321 3
1493 2261 1622 2310 Cum
1639 2264 1782 2310 variis
1806 2263 2103 2312 indumentis
2116 2281 2208 2314 vos
2227 2282 2327 2313 cer-

205 2344 285 2383 no,
302 2328 529 2390 tanquam
547 2324 754 2374 diversas
776 2328 823 2375 in
845 2329 972 2376 acies
994 2326 1282 2377 diſtributos
1306 2329 1560 2377 militantis
1585 2327 1799 2379 Ecclefiae
1813 2330 2000 2394 judice,
2020 2349 2230 2397 quorum
2251 2334 2326 2382 su-

207 2393 340 2449 dore,
360 2394 503 2440 immo
524 2394 570 2442 8(
589 2392 836 2455 sanguine,
855 2394 1121 2444 madefafilza
1141 2395 1283 2444 tellus
1304 2395 1486 2457 palmas
1508 2397 1713 2446 feliciter
1731 2398 1971 2461 producat
1987 2434 2002 2455 ,
2037 2401 2215 2464 quibus
2237 2417 2326 2449 au-

208 2471 416 2523 geantur
432 2458 776 2523 Triumphanti
791 2477 980 2510 corona:
1000 2499 1012 2510 .
1027 2464 1159 2519 Illas,
1181 2460 1332 2512 vestra
1353 2461 1525 2519 studia,
1545 2462 1683 2512 vestri
1701 2467 1907 2522 labores,
1922 2467 2130 2531 omnesq3
2152 2471 2324 2517 mentis

212 2530 257 2577 8(
278 2527 491 2590 corporis
511 2529 882 2578 exercitationes
903 2541 1071 2592 petant
1090 2567 1102 2578 .
1142 2530 1195 2579 Si
1228 2531 1570 2596 quamplurimi
1608 2531 1820 2582 subsidiis
1853 2535 2082 2583 omnibus
2104 2534 2323 2585 destituti

211 2594 563 2643 mendicitatem
580 2592 858 2658 deplorant,
880 2597 1033 2645 Vobis
1054 2601 1078 2645 ὲ
1099 2603 1268 2647 contra
1290 2601 1335 2645 in
1354 2598 1581 2646 Romano
1601 2599 1698 2649 finu
1714 2604 1903 2664 excepti
1921 2604 2190 2665 praebentur
2210 2605 2326 2652 ube·

214 2679 282 2718 ra,
300 2673 566 2724 maternoq3
588 2676 745 2711 amore
764 2663 1009 2713 donantur
1029 2666 1284 2714 alimenta:
1306 2666 1358 2714 Si
1377 2668 1534 2723 multi,
1555 2667 1668 2716 licet
1690 2668 1899 2717 indolem
1917 2670 2148 2718 excelsam
2169 2671 2322 2719 sortiti

214 2728 240 2777 ὲ
259 2727 390 2776 nullo
409 2729 652 2776 excultam
669 2729 958 2797 vident,atq;
975 2734 1020 2779 in
1039 2732 1346 2794 Regionibus
1365 2734 1508 2797 longe
1529 2734 1694 2784 dissitis
1715 2735 1953 2785 beneficos
1969 2737 2180 2786 Romani
2198 2738 2320 2787 Coe12

218 2797 429 2844 influxus
447 2795 669 2845 anhelant
686 2818 701 2858 3
721 2798 830 2847 Vos
850 2799 908 2847 ad
925 2800 1259 2862 amenissimum
1276 2817 1498 2865 campum
1514 2805 1739 2853 translati
1752 2806 2047 2868 optimorum
2064 2806 2323 2869 Operatio-

216 2878 318 2911 rum
344 2860 573 2911 industria
595 2864 653 2911 ad
671 2864 854 2914 frufilus
873 2868 1108 2915 uberrime
1126 2869 1422 2932 producedos
1439 2870 1639 2919 feliciter
1653 2871 1949 2922 efflorescitis
1965 2909 1975 2921 .
2006 2873 2158 2922 Vobis
2179 2874 2322 2922 smum

220 2929 350 2977 suum
371 2930 552 2978 obtulit
572 2930 746 2988 Roma,
765 2947 818 2982 ut
839 2951 990 2981 mores
1013 2938 1236 2986 informes
1259 2938 1494 2991 informet,
1517 2939 1713 2998 pietatis
1734 2939 1896 2988 ῡεξὶαι·
1915 2941 2154 2998 infundat,
2178 2941 2323 2989 scien-

221 3000 393 3046 tiarum
409 2997 656 3047 thesauros
677 3003 859 3065 aperiat
877 3035 891 3058 ‚
915 3003 1176 3053 infularum
1195 3006 1393 3069 premia,
1420 3007 1465 3053 8(
1485 3005 1779 3068 dignitatum
1801 3008 2075 3058 diademata
2096 3009 2324 3059 elaboret.

1680 3072 1774 3139 ξε
2181 3078 2260 3127 Ad
