2404 3398
25 172 84 232 ,ἱ.

50 228 77 269 l·

52 278 84 310 s

523 210 665 263 LIV.

355 281 575 333 Foemina
609 280 826 335 invalida

52 316 90 431 ’ζ
133 354 216 407 m
249 348 726 402 xENoDocfflo
755 346 1038 400 asum.

124 489 389 541 *Neodem
416 487 518 536 loci
552 488 743 551 spatio,
774 489 825 536 in
856 505 959 553 quo
986 486 1105 535 Six-

57 573 61 581 '
158 569 246 609 tus
267 557 335 604 V.
350 558 596 620 Pauperes
615 556 854 604 invalidos
883 556 1105 604 colloca-

232 625 340 674 sunt
378 626 529 674 etiam
568 624 795 680 Domus,
832 626 880 672 iu
913 623 1101 688 quibus

58 702 59 705 ’
157 694 296 742 minae
333 692 472 749 sunt,
518 710 631 757 quae
661 695 724 741 ob
757 704 989 748 rietatem,
1023 692 1103 741 vel

32 760 43 818 ι]
120 797 123 802 v
151 760 532 810 invaletudinem
557 762 710 810 vitam
733 761 857 808 alere
877 777 976 808 non
994 760 1103 822 pos-

107 831 213 885 nt,
244 829 331 876 uifi
369 827 695 890 adjuventur.
732 829 1101 896 Quamobrem,

82 897 256 948 tViri
276 931 291 952 ,
320 896 384 944 fic
402 895 671 960 etiamipsae
704 899 750 945 in
781 901 875 946 hoc
905 898 986 960 pio
1005 896 1102 946 Xe-

84 964 314 1013 ‘odochio
341 999 359 1021 ‚
409 965 524 1012 licet
554 964 781 1028 separatae
815 1000 829 1021 ,
881 980 1100 1014 commo-

103 1044 282 1088 antur‚
318 1032 482 1096 ibique
516 1033 759 1097 quidquid
794 1033 852 1080 ad
875 1031 1096 1082 vestitum

60 1127 89 1137 -x
166 1098 348 1147 victum
401 1103 610 1164 pertinet
661 1101 847 1150 liberali
883 1102 909 1150 a
947 1118 1095 1150 manu

87 1193 122 1205 ·-
151 1167 311 1230 'piunt
339 1203 356 1215 .
403 1168 461 1215 Si
510 1181 676 1217 tamen
725 1169 896 1234 aliquo
929 1169 1097 1218 labore

88 1260 100 1286 ,ι
128 1235 279 1283 erceri
307 1231 478 1299 poffint
497 1270 512 1292 ,
547 1239 706 1285 otium
726 1239 913 1287 evitant
934 1273 945 1285 .
984 1237 1098 1287 Coe·

149 1318 218 1349 m
253 1304 347 1351 hoc
380 1302 752 1354 Xenodochium
787 1321 917 1354 anno
952 1310 1097 1369 1694.

112 1370 257 1419 itum
290 1371 389 1419 fuit
416 1386 603 1434 magno
631 1371 971 1422 Lateranenfis
994 1377 1097 1422 Ho-

17 1414 22 1476 Ῑ
112 1438 240 1495 tio,
292 1440 340 1486 in
378 1455 513 1503 quo,
564 1454 618 1489 ut
653 1442 736 1490 suo
763 1440 876 1490 loco
915 1443 1101 1491 videbi-

18 1481 23 1592 }
171 1540 192 1561 ,
241 1522 479 1571 pauperes
519 1508 694 1557 Puellae
740 1510 942 1559 aluntur
976 1545 990 1567 ‚
1051 1513 1096 1560 8<

20 1610 23 1650 l
98 1584 282 1635 rarum
313 1573 503 1624 labores
536 1576 585 1623 in
619 1593 881 1626 commune
915 1578 1097 1628 bonum

20 1693 23 1709 J
95 1693 97 1695 ,
134 1653 416 1691 ·vertuntur
446 1678 462 1690 .
518 1642 666 1694 Veste
716 1645 853 1693 fimili
893 1658 1100 1696 utuntur

20 1710 23 1735 ‘
111 1724 227 1759 nes
267 1709 439 1773 lane23
474 1712 565 1760 Hae
591 1725 752 1762 tamen
773 1712 996 1764 Foeminae
1012 1732 1100 1764 ex·

20 1751 25 1807 ⁸
169 1774 392 1826 Domum
428 1779 599 1827 album
633 1783 867 1843 gremiale
918 1783 1099 1832 lineum

21 1810 26 1912 f,
92 1859 244 1909 ...per
281 1857 462 1907 gerunt
494 1881 511 1903 ‚
564 1847 848 1914 lineumque
879 1851 1098 1899 velamen

22 1937 28 1979 ᾖ
94 1911 355 1961 0nialium
389 1912 564 1964 instar.
603 1917 691 1965 Per
731 1919 840 1967 vias
874 1918 1101 1983 aliquan-

24 1984 27 2017 ἰ
162 1977 296 2029 simul
323 1979 476 2043 longo
506 1984 676 2032 ordine
705 1983 937 2050 disposita:
967 1989 1100 2037 ince-

100 2058 223 2104 nt,
254 2059 317 2096 ut
346 2046 557 2114 Templa
584 2050 809 2103 vifitent.
857 2055 965 2103 Sub
998 2054 1101 2106 Re·

102 2112 106 2146 ἶ
136 2115 248 2164 ine
280 2114 392 2165 sunt
415 2116 627 2179 ejusdem
656 2119 1098 2185 congregationis,

134 2183 149 2195 ‘
198 2183 474 2233 Puellarum
527 2187 922 2238 Lateranenfium
961 2226 977 2247 ‚
1047 2195 1096 2242 8<

123 2276 125 2288 ι
169 2265 332 2299 rorum
382 2254 430 2300 in
473 2255 702 2319 Hospitio
754 2258 804 2305 S.
840 2257 1095 2309 Michaelis

189 2320 344 2367 ntium
378 2336 494 2370 cura
542 2323 570 2371 ἐι
616 2325 816 2373 Summo
862 2327 1094 2378 Pontifice

167 2389 350 2436 centio
383 2386 490 2436 X11.
523 2391 618 2441 fuit
652 2390 923 2442 commiffa.

308 2620 350 2658 ι
537 2620 613 2660 a
801 2625 842 2662 n

313 2845 354 2884 d
540 2848 615 2888 w
802 2854 843 2893 b

1639 206 1781 258 LIV.

1486 276 1673 328 Douna
1700 275 1917 325 invalida

1319 344 1449 397 D1
1528 345 2090 396 S.-SISTO.

1356 482 1567 533 Avendo
1582 479 1716 531 Sisto
1731 480 1802 531 V.
1836 478 2082 547 affegnate
2094 485 2227 535 buo·

1369 569 1431 601 ne
1450 564 1636 600 entrate
1655 586 1670 604 ,
1707 552 1935 600 accioche
1967 552 2006 600 fi
2024 552 2226 617 potesse-

1185 637 1241 668 ro
1260 632 1535 668 mantenere
1553 621 1567 666 i
1584 621 1753 684 poveri
1772 618 2011 677 invalidi,
2045 620 2226 671 benefi-

1180 693 1246 736 co
1264 705 1353 736 con
1367 688 1416 737 le
1430 687 1679 736 medefime
1699 689 1851 736 anche
1876 686 1926 734 le
1945 686 2129 739 Donne
2142 724 2163 746 ‚
2192 706 2225 739 e

1183 772 1269 821 per
1297 754 1385 805 effe
1404 754 1598 818 affegno
1624 767 1764 819 parte
1797 752 1921 803 delle
1942 755 2069 806 Case
2089 772 2198 807 com

1185 836 1325 887 prate
1345 820 1499 888 preffo
1515 822 1792 887 l‘Ospedale
1810 822 1924 872 delli
1942 825 2221 887 Pellegrini,

1184 909 1278 941 ove
1297 904 1424 940 tutte
1442 926 1458 948 ‚
1489 893 1672 940 benche
1692 891 1908 955 separate
1926 927 1942 949 ,
1965 892 2221 943 convives-

1182 958 1283 1007 sero
1307 958 1480 1008 servite
1497 994 1513 1016 ‚
1549 975 1575 1008 e
1606 959 1878 1023 provedute
1896 959 1947 1007 di
1966 974 2154 1026 quanto
2173 960 2220 1012 fi

1184 1027 1291 1076 loro
1306 1026 1510 1090 bisogno
1524 1026 1844 1090 ugualmente
1879 1030 1969 1077 che
1986 1030 2057 1093 gli
2079 1032 2220 1080 Huo-

1185 1097 1333 1145 mini.
1365 1094 1623 1146 Cresciute
1640 1098 1722 1160 poi
1741 1096 1965 1146 l’entrnte
1981 1133 1998 1154 ,
2039 1097 2220 1148 ‘crebbe

1184 1167 1336 1212 anche
1357 1163 1388 1210 il
1410 1181 1611 1213 numero
1628 1164 1751 1212 delle
1772 1163 1971 1223 Donne,
1989 1182 2016 1215 e
2035 1166 2104 1216 fri
2118 1179 2222 1217 tut·

1179 1234 1221 1281 ti
1240 1233 1311 1295 gli
1331 1231 1563 1295 Ospedali
1591 1231 1641 1279 di
1663 1231 1818 1281 Roma
1848 1232 1880 1281 fi
1911 1234 2009 1284 rese
2027 1234 2220 1285 celebre

1175 1299 1559 1366 quest'Ospizio
1578 1335 1594 1355 ,
1644 1301 1678 1348 il
1713 1302 1859 1366 quale
1882 1303 1962 1351 nel
1985 1307 2129 1366 1694·
2166 1304 2220 1354 fix

1180 1369 1325 1418 unito
1354 1365 1420 1416 da
1456 1369 1730 1418 innocenzo
1750 1368 1859 1417 ΧΗ.
1889 1387 1987 1419 con
2021 1384 2153 1421 tutte
2174 1372 2219 1423 le

1182 1450 1373 1486 enti-ate
1404 1437 1449 1485 al
1482 1437 1666 1500 grande
1700 1435 1905 1501 Ospizio
1939 1438 2016 1489 del
2048 1440 2221 1489 Palaz-

1180 1521 1245 1553 zo
1270 1504 1633 1562 Lateranense‚
1669 1505 1825 1554 donde
1863 1509 2114 1571 partirono
2148 1507 2222 1572 gli

1178 1574 1452 1630 Huomini,
1486 1575 1503 1620 i
1538 1573 1672 1638 quali
1708 1575 1886 1623 furono
1915 1576 2148 1626 collocati
2169 1579 2220 1627 in

1179 1641 1351 1706 questo
1370 1642 1416 1689 di
1437 1640 1653 1700 S.Sist0;
1693 1658 1771 1690 ma
1806 1644 1850 1691 le
1870 1642 2048 1694 Donne
2074 1644 2219 1694 resto-

1180 1726 1303 1759 rono
1324 1727 1414 1759 con
1435 1711 1478 1759 le
1501 1710 1731 1758 fanciulle
1765 1711 1811 1758 al
1834 1711 2026 1762 sudetto
2045 1713 2222 1762 Palaz·

1178 1793 1241 1826 zo
1258 1812 1273 1834 ,
1323 1796 1416 1828 ove
1452 1780 1684 1826 ricevono
1720 1779 1753 1825 il
1796 1782 2184 1832 mantenimento
2204 1818 2220 1839 .

1177 1862 1204 1894 e
1223 1847 1257 1893 il
1279 1848 1411 1895 vitto
1443 1846 1561 1895 dani
1579 1845 1812 1894 Ministri.
1831 1848 1882 1895 di
1902 1850 1950 1897 S.
1970 1847 2130 1908 sisto,
2159 1850 2222 1899 fi-

1177 1930 1312 1963 come
1331 1913 1419 1964 else
1437 1915 1468 1963 fi
1490 1912 1752 1963 affaticano
1782 1918 1829 1963 in
1851 1916 2003 1966 lavori
2022 1953 2038 1974 ,
2073 1918 2216 1984 quali

1175 1984 1500 2047 s'impiegano
1519 1984 1563 2029 in
1584 2000 1787 2032 comune
1803 1985 1968 2034 utilit&
1986 1986 2216 2045 dell'una,

1176 2067 1201 2099 e
1234 2052 1394 2100 l'altra
1431 2051 1558 2100 Casa
1580 2088 1591 2098 .
1629 2050 1811 2118 Qeste
1834 2052 2045 2111 Durine,
2083 2069 2214 2106 tutte

1175 2119 1223 2167 di
1242 2121 1319 2168 eti
1340 2134 1559 2176 matura,
1599 2135 1624 2166 e
1661 2136 1744 2183 per
1776 2120 2215 2173 l‘ordinarioinva·

1170 2187 1273 2236 fide
1293 2205 1318 2235 a
1340 2187 1511 2250 poterfi
1531 2189 1590 2236 da
1609 2187 1653 2235 se
1675 2189 1985 2246 alimentare,
2024 2208 2118 2240 non
2141 2196 2216 2241 vi-

1177 2272 1305 2303 vono
1320 2255 1397 2302 del
1414 2269 1549 2304 tutto
1562 2255 1723 2304 oziose
1740 2293 1752 2303 .
1789 2257 2006 2307 Vestono
2022 2276 2111 2308 con
2134 2279 2213 2311 ve·

1176 2322 1240 2371 ste
1260 2324 1497 2372 uniforme
1529 2325 1579 2371 di
1614 2324 1723 2372 lana
1758 2327 1919 2387 grigia
1952 2326 2027 2376 dcl
2049 2329 2211 2381 colore

1172 2393 1346 2439 nativo
1362 2426 1380 2446 ‚
1413 2405 1622 2455 portano
1642 2392 1673 2438 il
1691 2395 1875 2447 zinale‚
1914 2412 1939 2443 e
1960 2410 2023 2443 un
2045 2413 2210 2461 panno

1171 2460 1350 2507 bianco
1373 2460 1423 2507 in
1451 2477 1579 2524 capo
1616 2477 1641 2509 a
1676 2461 1811 2522 guisa
1848 2462 1897 2508 di
1933 2463 2174 2516 Monache
2193 2503 2208 2516 .

1173 2526 1651 2577 Proceffionalmeute
1674 2530 1844 2576 alcune
1860 2531 1992 2580 volte
2009 2534 2076 2582 fri
2093 2533 2212 2584 l'an·

1173 2611 1241 2642 no
1260 2594 1463 2644 vifitano
1491 2597 1699 2661 qualche
1716 2595 1892 2647 Cniesa
1913 2635 1925 2647 .
1962 2603 2099 2650 Sono
2116 2619 2211 2664 go-

1176 2678 1377 2713 vernate
1410 2664 1525 2711 dalli
1560 2665 1758 2726 Signori
1793 2664 1927 2714 isteffi
1965 2669 2211 2734 Deputati

1177 2748 1262 2794 per
1277 2732 1345 2793 gli
1368 2734 1641 2788 Huomini‚
1675 2749 1760 2796 per
1794 2733 1839 2782 le
1857 2733 2105 2787 Fauciulle
2131 2740 2209 2791 del

1177 2799 1424 2848 Laterano
1442 2835 1459 2856 ,
1494 2818 1518 2849 e
1538 2816 1620 2863 per
1636 2800 1671 2848 li
1691 2800 1932 2852 Faneiulli
1948 2805 2210 2872 dell’ospi·

1178 2869 1259 2916 zio
1277 2901 1291 2922 ‚
1310 2867 1448 2917 detto
1467 2869 1516 2916 di
1535 2868 1795 2921 S.Miche1e
1815 2887 1843 2922 a
1861 2872 1993 2940 Ripa
2010 2910 2023 2923 .
