2462 3412
652 165 672 172 „⁷
1250 160 2357 186 ,κ--ῇ--Μ

204 203 498 270 Populorum
513 202 696 248 bonum
714 233 731 256 ‚
758 201 805 247 in
824 199 1186 247 Provinciarum
1206 233 1220 255 ‚
1241 215 1296 247 ac
1312 195 1484 246 S.R.E.
1507 198 1771 262 utilitatem
1793 234 1806 256 ‚
1826 199 1961 251 fieret
1975 205 2174 270 adeptio
2191 241 2204 254 .

336 269 605 338 Qotquot
622 267 765 330 hujus
778 268 970 329 generis
992 265 1218 328 Collegia
1241 267 1408 315 Romae
1427 299 1440 320 ‚
1478 265 1694 331 alibique
1712 268 2239 328 numerantur-‚romnia
2257 291 2318 325 ex

201 339 345 387 unica
364 336 527 385 radice
548 370 565 393 ‚
596 348 828 399 tanquam
849 333 1172 381 foecundissimi
1194 336 1330 388 rami,
1355 331 1573 395 prodiere
1592 367 1608 388 ,
1644 334 1753 382 cum
1770 335 1819 382 in
1840 332 2161 388 celebratione
2181 340 2318 391 Sacri

202 403 416 454 Concilii
433 401 570 452 Trid.
587 405 803 452 omnium
824 400 1064 449 sanstione
1085 400 1277 449 decreta
1299 401 1390 448 fuit
1410 400 1791 450 Seminariorum
1809 404 1988 454 ereffio
2005 439 2020 462 ‚
2055 420 2110 456 ut
2130 424 2318 458 morum

200 471 477 536 corruptela
497 505 514 528 ‚
529 486 634 536 qua:
651 470 749 519 late
769 469 875 518 suas
897 467 1079 517 radices
1102 479 1464 532 propagaverat
1483 501 1500 523 ,
1517 469 1712 533 penitus
1729 474 2054 537 extirparetur
2071 511 2084 524 .
2102 476 2194 525 His
2217 492 2318 526 ver·

197 539 374 591 bisina
393 539 659 588 recensetur
677 551 806 601 (ειμι
820 538 863 585 8.
881 535 1041 598 ses.23.

332 606 460 655 Cum
483 605 873 654 Adolescentium
888 602 1092 665 etasmili
1108 601 1231 650 ret-‘te
1251 603 1296 649 in
1306 600 1552 661 stituatur,
1568 619 1723 668 prona
1740 604 1793 654 {it
1813 606 1874 654 ad
1895 607 2068 658 Mundi
2083 609 2317 674 volupta-

193 685 268 725 tes
287 674 545 740 sequendas
565 707 580 730 ‚
599 673 645 720 &
666 671 745 719 nisi
765 671 790 720 a
812 672 990 720 teneris
1009 671 1144 717 annis
1168 670 1226 717 ad
1249 671 1496 732 pietatem,
1517 672 1563 719 &
1585 671 1892 735 Religionem
1913 677 2212 734 informetur,
2233 693 2316 727 an·

190 740 386 807 tequam
405 743 634 792 vitiorum
656 741 854 787 habitus
871 750 1005 787 totos
1025 740 1238 787 homines
1260 738 1500 801 postidea,
1518 741 1767 804 nunquam
1788 742 2012 805 ρετῗεᾶὶέ,
2039 745 2083 792 8(
2107 744 2199 792 sine
2216 761 2319 794 ma-

189 810 341 866 ximo,
362 826 418 859 ac
435 809 663 870 fingulari
685 805 1032 871 propemodum
1050 804 1146 854 Dei
1175 806 1524 868 omnipotentis
1545 807 1732 856 auxilio
1752 842 1765 863 ,
1805 810 1853 856 in
1891 810 2141 875 disciplina
2161 811 2314 862 eccle-

186 876 362 927 fiastica
379 876 647 941 perseveret
664 911 675 922 .
711 872 994 939 S.Synodus
1023 870 1189 921 statuit
1208 906 1221 928 ‚
1242 884 1297 920 ut
1319 872 1509 935 singula:
1530 874 1850 925 Cathedrales
1879 877 2311 943 Metropolitanae,

185 956 336 1010 atque
356 947 428 994 his
446 943 653 1005 majores
666 940 884 990 Ecclesiae
903 955 992 1003 pro
1015 940 1160 987 modo
1181 940 1468 990 facultatum
1489 976 1503 998 ‚
1522 943 1570 991 8(
1592 941 1821 991 Dioecefis
1842 945 2157 1009 amplitudine
2175 980 2191 1002 ,
2208 962 2311 995 cer-

182 1023 284 1062 tum
299 1028 562 1077 puerorum
577 1009 719 1073 ipsius
740 1008 979 1058 Civitatis
995 1041 1009 1063 ,
1030 1009 1076 1056 8(
1102 1005 1349 1064 Dioecesis‚
1366 1008 1442 1057 vel
1466 1009 1568 1071 ejus
1593 1011 1858 1060 Provincia:
1878 1046 1893 1068 ‚
1923 1012 1952 1060 fi
1973 1014 2039 1061 ibi
2060 1029 2156 1062 non
2172 1028 2309 1077 repe.-

179 1081 386 1136 riantur‚
403 1095 671 1133 numerum,
690 1079 734 1125 in
754 1075 985 1139 Collegio
1007 1075 1066 1123 ad
1089 1077 1177 1123 hoc
1197 1078 1342 1139 prope
1365 1076 1488 1139 ipsas
1509 1076 1764 1135 Ecclesias„
1781 1079 1857 1127 vel
1876 1079 1978 1128 alio
1990 1083 2035 1127 in
2057 1081 2169 1129 loco
2187 1097 2309 1130 con-

179 1150 410 1204 venienti,
428 1149 486 1195 ab
501 1145 745 1210 Episcopo
760 1143 987 1205 eligendo
1007 1142 1149 1199 alere,
1173 1159 1228 1190 ac
1248 1144 1478 1204 religiose
1495 1144 1702 1196 educare
1720 1180 1738 1201 2
1758 1147 1800 1192 &
1818 1146 2149 1196 ecclesiasticis
2162 1147 2307 1196 disci·-

175 1214 320 1278 plinis
337 1214 586 1263 instituere
604 1221 862 1261 teneantur
877 1247 887 1257 .
929 1211 979 1258 [n
1003 1212 1091 1259 hoc
1112 1214 1222 1259 vero
1245 1209 1482 1273 Collegio
1497 1214 1797 1276 recipiantur
1815 1248 1834 1270 ,
1862 1214 1948 1279 qui
1973 1215 2031 1262 ad
2052 1215 2303 1264 minimum

172 1281 427 1331 duodecim
445 1298 599 1330 annos
616 1316 633 1337 ‚.
652 1282 698 1329 &
717 1296 781 1330 ex
804 1279 1023 1340 legitimo
1044 1279 1354 1327 matrimonio
1374 1282 1479 1327 nati
1497 1279 1582 1330 smt
1600 1314 1621 1336 ‚
1637 1296 1692 1328 ac
1712 1281 1869 1343 legere
1889 1282 1936 1329 &
1956 1281 2155 1332 scribere
2170 1299 2307 1330 com-

169 1362 392 1411 petenter
408 1351 629 1398 noverint
647 1382 661 1403 ,
681 1349 727 1397 &
748 1361 955 1413 quorum
975 1346 1161 1395 indoles
1181 1346 1229 1395 &
1253 1346 1487 1397 voluntas
1506 1346 1631 1413 spem
1650 1348 1834 1400 adferat
1854 1355 1875 1407 ς
1906 1365 1992 1400 eos
2007 1348 2306 1400 Ecclefiasti-
2329 1348 2332 1350 ’

169 1417 238 1466 cis
258 1417 526 1467 ministeriis
546 1419 782 1480 perpetuo
801 1413 1112 1462 inservituros
1131 1449 1147 1463 .

298 1484 593 1547 Hujusmodi
614 1482 880 1532 Decretum
902 1481 1022 1529 adeo
1042 1481 1277 1532 Patribus
1294 1481 1393 1531 illis
1411 1481 1563 1531 arrifit
1576 1518 1595 1541 ,
1615 1495 1670 1532 ut
1692 1483 1954 1549 (referente
1972 1482 2122 1534 Card.
2140 1484 2304 1535 Palla-

166 1550 327 1600 vicino
343 1554 392 1600 in
414 1551 676 1600 hist.Conc.
696 1551 860 1600 lib.21.
884 1565 1040 1613 capaez.
1056 1564 1238 1613 num.3.
1258 1550 1286 1613 ).
1303 1550 1687 1600 Seminariorum
1705 1548 1944 1601 institutio
1964 1552 2104 1615 supra
2122 1565 2302 1604 coetera

161 1617 350 1669 decreta
372 1622 431 1669 ab
449 1619 677 1671 omnibus
700 1619 846 1667 fuerit
863 1615 1534 1673 commend‘ata2afferentibus
1553 1619 1740 1675 multis,
1757 1634 1865 1668 eam
1880 1619 2027 1668 solam
2041 1631 2302 1672 totexant-

160 1684 287 1735 latos
306 1688 511 1743 labores,
530 1699 605 1736 tot
623 1683 827 1740 diffidia,
846 1684 893 1733 8(
913 1685 1186 1733 animorum
1197 1685 1597 1749 perturbationes
1615 1684 1890 1735 demeruiffe
1908 1721 1927 1745 ²
1949 1686 2033 1736 etsi
2050 1687 2185 1737 nulla
2204 1688 2300 1738 alia

161 1754 351 1804 utilitas
368 1772 430 1806 ex
450 1755 545 1803 illis
565 1766 704 1820 parta
724 1750 878 1802 fuiffet
897 1787 908 1799 .
945 1751 1086 1800 Illam
1104 1754 1234 1803 enim
1254 1751 1449 1815 ajehant
1467 1787 1480 1809 ‚
1500 1752 1877 1802 instrumentum
1898 1753 2186 1818 aptiffimum
2205 1755 2292 1804 effe

159 1819 221 1867 ad
239 1837 427 1871 morum
448 1824 836 1872 reformationem
852 1819 1166 1871 obtinendam
1182 1855 1203 1877 ,
1219 1820 1267 1870 8(
1290 1820 1416 1869 tales
1430 1821 1477 1867 in
1502 1819 1781 1885 Republica
1801 1819 1957 1870 Cives
1975 1821 2158 1879 haberi,
2174 1837 2300 1886 qua-

160 1886 230 1935 les
250 1891 565 1940 enutriuntur
582 1926 594 1938 .
632 1889 783 1938 Immo
801 1922 820 1944 „
836 1898 896 1936 ut,
910 1887 1036 1937 idem
1056 1886 1252 1937 Author
1271 1900 1435 1936 narrat
1455 1887 1624 1936 lib.22.
1641 1903 1874 1951 c.1tn.13.
1897 1887 2030 1936 Cum
2045 1889 2092 1935 in
2109 1887 2297 1939 seffione

158 1954 217 2004 de
235 1956 540 2007 insti-tutione
561 1957 940 2007 Seminariorum
956 1955 1007 2001 in
1028 1967 1335 2020 unaquaque
1352 1954 1561 2004 Dioecefi-
1584 1955 1749 2004 astum
1766 1957 1912 2004 fuerit
1929 1989 1949 2011 ,
1979 1970 2131 2005 unum
2146 1956 2297 2005 etiam

158 2020 328 2073 Romae
347 2025 630 2087 erigendum
654 2021 741 2074 effe
763 2022 984 2072 nonnulli
1002 2019 1296 2084 judicarunt
1313 2042 1333 2083 ς,
1367 2033 1418 2070 at
1436 2024 1492 2071 ne
1514 2022 1672 2084 legem
1687 2023 1824 2071 Sum.
1841 2020 2067 2071 Pontifici
2080 2023 2292 2085 praescri-

158 2089 268 2139 bere
287 2092 408 2142 velle
429 2092 511 2158 ipsi
530 2091 808 2142 viderentur
825 2125 843 2146 2
862 2089 1101 2139 silentium
1118 2089 1220 2138 illis
1236 2089 1461 2151 impositu
1471 2106 1518 2138 m·
1537 2091 1624 2138 fnit
1642 2123 1662 2145 2
1675 2089 1933 2154 praesertim
1953 2089 2019 2138 ob
2038 2089 2290 2141 Pontificis

159 2155 456 2222 sponsionem
474 2196 488 2218 ‚
507 2177 604 2226 qua
623 2159 704 2207 ille
722 2159 990 2208 declaravit
1004 2191 1023 2215 2
1036 2157 1082 2207 se.
1102 2156 1237 2208 brevi
1257 2157 1483 2208 aaurum
1500 2156 1743 2224 quidquid
1761 2155 2022 2208 pontificiae
2036 2156 2292 2221 Dignitati

156 2227 368 2276 maxime
386 2231 695 2278 conveniret.
1104 2264 1106 2267 v

292 2293 627 2363 Qamobrem
661 2310 793 2344 anno
815 2295 959 2358 1563.
985 2291 1244 2343 Cardinali
1263 2294 1529 2345 Borromeo
1554 2293 1781 2344 Pontifex
1800 2292 2096 2357 imperavit,
2123 2303 2179 2341 ut
2199 2290 2288 2341 suo

160 2361 353 2411 nomine
368 2367 555 2425 gratias
575 2362 808 2413 Concilio
824 2361 1043 2412 redderet
1062 2396 1081 2419 ,
1096 2362 1267 2412 deinde
1288 2361 1483 2427 ipsemet
1505 2361 1728 2412 Pontifex
1750 2358 1993 2425 epistolam
2006 2393 2021 2415 ,
2041 2358 2121 2407 sua
2140 2375 2289 2409 manu

159 2428 482 2495 conscriptam
501 2466 516 2487 ,
535 2431 596 2478 ad
616 2431 835 2493 Legatos
863 2430 1003 2487 mifit,
1020 2446 1117 2495 qua
1137 2429 1431 2479 creaiouem
1451 2429 1703 2478 Seminarii
1725 2427 1747 2475 a
1770 2426 1923 2489 sejam
1942 2427 2184 2475 decretam
2198 2425 2291 2479 effe

157 2494 428 2547 declaravit
446 2535 457 2545 .
477 2497 717 2547 Absolute
736 2497 910 2546 deinde
926 2497 1160 2546 Concilio
1180 2497 1346 2563 (idem
1364 2496 1895 2558 Eminentiss.Scriptor
1916 2493 2101 2543 addidit
2118 2493 2286 2555 lib.24.

153 2577 310 2627 cap.9.
339 2570 432 2614 n.6.
451 2566 476 2630 )
498 2567 721 2616 Pontifex
741 2567 787 2613 in
810 2563 1232 2629 congregatione,
1250 2580 1399 2630 quam
1415 2562 1800 2613 consistorialem
1819 2562 2068 2626 appellant
2085 2596 2104 2617 ,
2126 2560 2287 2610 Semi-

153 2633 400 2681 nariorum
419 2631 771 2683 institutionem
792 2633 1013 2683 laudavit
1033 2667 1054 2689 ,
1085 2649 1142 2681 ur
1160 2648 1259 2681 rem
1279 2632 1305 2681 a
1325 2632 1439 2682 Deo
1457 2632 1627 2681 animis
1649 2631 1850 2680 Patrum
1876 2629 2066 2678 coelitus
2080 2627 2281 2691 inspira-

150 2708 253 2747 tam
271 2733 288 2754 ‚
307 2699 666 2767 spoponditque
679 2700 770 2751 sese
788 2701 1143 2766 quamprimum
1164 2702 1354 2749 coeteris
1371 2699 1648 2764 exemplum
1665 2697 1916 2753 daturum,
1933 2710 1988 2745 ut
2006 2698 2112 2744 vere
2126 2695 2280 2752 dedit,

151 2766 394 2815 ere-stione
413 2768 668 2817 Seminarii
685 2768 897 2817 Romani
914 2802 929 2824 ‚
948 2769 995 2816 in
1015 2769 1152 2832 quod
1168 2767 1336 2817 deinde
1351 2767 1574 2817 Romana
1587 2767 1849 2831 juventute
1866 2760 2072 2819 admissa,
2088 2778 2183 2811 non
2202 2762 2283 2812 so·-

150 2831 253 2881 liim
276 2834 530 2891 Roma‚sed
553 2835 708 2892 ltalia,
728 2837 882 2885 immo
893 2834 1111 2886 Ecclesioe
1133 2837 1366 2886 universa:
1379 2837 1508 2885 bona
1523 2833 1796 2884 attulerunt
1814 2829 2162 2899 quamplurimi
2178 2829 2272 2882 vir·

149 2901 339 2950 tutibus
361 2936 378 2958 2
399 2902 446 2951 8(
465 2902 674 2952 scientiis
697 2903 886 2967 praediti
905 2903 1090 2954 Heroes
1114 2904 1160 2950 in
1181 2903 1348 2952 eodem
1365 2904 1598 2952 enutriti.

285 2966 364 3017 Ex
382 2970 470 3019 hac
489 2971 642 3032 igitur
657 2971 898 3020 uberrima
918 2987 1039 3020 vena
1060 2982 1136 3019 tot
1154 2970 1324 3019 deinde
1341 2972 1435 3020 rivi
1452 2973 1769 3035 profluerunt,
1787 2978 2037 3034 quotquot
2054 2963 2269 3016 Semina—

156 3034 230 3086 ria
242 3037 461 3089 excitata
484 3040 676 3088 suerunt
695 3038 721 3089 a
741 3041 931 3090 coeteris
949 3039 1086 3091 Sum.
1109 3037 1452 3096 Pontificibus,
1467 3038 1630 3104 aliisq;
1649 3036 1872 3088 beneficis
1889 3034 1927 3085 F
1932 3033 2270 3117 undatorsibus,

2097 3117 2209 3153 cum

125 3168 2285 3205 mmm—-

1009 166 1024 172 -
1031 166 1107 173 .-ψ-..-

308 3367 314 3371 .
359 3353 498 3377 aurs„-
552 3375 555 3378 ,
1075 3344 1152 3376 f.)
1200 3353 1304 3381 1
