2450 3294
357 179 2081 373 LECTORI*

726 463 963 530 Ostquam
998 479 1125 512 anno
1142 459 1561 525 septingentesimo
1583 458 1721 509 sexto
1755 457 1886 509 ultra
1917 458 2219 509 millelimum
2238 457 2288 505 in

751 534 908 582 lucem
928 533 1088 580 editus
1108 531 1134 579 a
1151 546 1224 578 me
1239 530 1332 577 fuit
1347 529 1629 593 Catalogus
1644 528 1888 576 Ordinum
1907 525 2290 590 Religiosorum‚

750 601 943 649 duobus
974 597 1147 648 Tomis
1184 595 1367 645 divisus
1383 634 1398 654 ‚
1447 612 1659 662 quorum
1699 595 1821 644 alter
1845 594 2082 644 Virorum
2101 628 2116 651 ,
2167 594 2290 643 alter

749 667 1071 718 Foeminarum
1107 665 1279 714 Coetus
1316 664 1755 729 comprehendebat
1774 698 1790 720 ,
1838 663 2161 712 animadverti
2202 662 2292 710 ali}-

588 772 619 797 ,ρ
680 735 693 794 ,4
751 753 878 801 quos
898 732 1032 783 fuisse
1052 731 1244 782 omissos
1266 768 1278 788 ‚
1300 735 1414 781 mibi
1436 748 1531 780 non
1554 730 1697 779 antea
1718 745 1865 780 notos
1885 748 1898 779 ε
1918 730 2292 798 Qamobrem3

522 824 529 831 „
752 817 808 852 ut
829 803 1017 851 Amicis
1037 801 1358 849 satisfacerem
1378 837 1392 855 ,
1426 801 1535 847 illos
1557 798 1734 847 addere
1758 798 1859 861 jam
1882 795 2107 862 impressis
2127 798 2293 846 decre-

754 873 802 920 vi
822 892 836 929 3
873 870 1036 919 verum
1056 868 1168 933 quia
1189 868 1334 916 limile
1351 869 1495 932 Opus
1517 866 1577 914 ab
1593 866 1691 914 alio
1709 864 1932 915 Authore
1954 862 2191 914 edendum
2208 860 2296 914 effe

671 995 674 996 ⁷
753 940 802 986 in
824 939 982 987 lucem
1001 939 1153 998 vulgo
1172 936 1428 984 dicebatur
1450 970 1465 991 ‚
1499 934 1647 981 alieni
1666 933 1852 982 laboris
1869 933 2110 983 fruaibus
2134 934 2297 982 fruen-

752 1007 802 1053 di
838 1003 1046 1068 cupidus
1092 1005 1153 1050 ab
1182 1006 1395 1067 incoepto
1437 999 1626 1051 destiti.
1679 1002 1870 1050 Prodiit
1908 1002 2104 1050 tandem
2138 1017 2262 1066 opus
2284 1033 2298 1057 ‚

164 1099 259 1132 „00
279 1095 437 1132 tamen
458 1094 641 1128 novum
665 1110 679 1132 ‚
700 1073 774 1123 sed
794 1073 1086 1135 rescriptum,
1109 1073 1155 1119 in
1177 1088 1277 1136 quo
1298 1070 1587 1119 Sanftorum
1605 1069 1819 1134 quidem,
1837 1069 2168 1134 Virorumque
2189 1069 2302 1116 illu·

164 1149 328 1199 strium
351 1151 542 1213 aliquot
567 1144 803 1206 Imagines
821 1141 1114 1190 exhibentur
1131 1174 1144 1194 ‚
1165 1139 1239 1187 sed
1262 1140 1357 1187 fere
1380 1138 1513 1186 nulla
1530 1171 1546 1194 ,
1566 1154 1673 1201 quae
1693 1136 1933 1186 diversum
1946 1136 2185 1185 Ordinem
2206 1136 2306 1184 Re-

167 1218 397 1280 ligiosum
415 1212 651 1272 ostendat3
677 1213 822 1258 immo
840 1210 1054 1273 quinque
1078 1206 1174 1254 illis
1195 1219 1342 1261 caret,
1361 1223 1484 1270 quas
1502 1206 1669 1253 Tomo
1689 1207 1844 1269 primo
1861 1206 1946 1254 vix
1966 1208 2012 1252 in
2028 1204 2186 1254 lucem
2206 1204 2307 1252 edi·

167 1299 223 1335 to
238 1322 254 1342 ,
287 1284 461 1332 addita:
481 1284 506 1330 a
528 1298 599 1329 me
620 1281 815 1328 fuerunt
847 1274 950 1340 post
969 1274 1270 1322 Monachum
1290 1271 1655 1322 cisterciensem
1675 1307 1690 1329 ,
1725 1290 1867 1338 quem
1888 1275 1914 1321 ἐι
1932 1270 2137 1336 Trappa
2156 1274 2310 1320 nomi-

170 1366 319 1413 nant;
359 1350 586 1400 videlicet
607 1345 819 1395 Eremita
842 1379 856 1400 ‚
890 1344 973 1407 qui
994 1342 1176 1390 dicitur
1195 1340 1450 1390 Coloritus
1474 1362 1488 1401 ς
1528 1356 1571 1388 2.
1595 1340 1842 1389 Monacho
1861 1339 2119 1388 S.Antonii
2140 1339 2311 1389 Arme-

174 1438 270 1482 no;
309 1436 353 1482 3.
374 1417 633 1466 Sacerdote
653 1450 666 1470 ,
691 1415 776 1461 Pio
796 1411 1039 1474 Operario
1062 1421 1236 1458 vocato
1255 1429 1270 1467 ς
1308 1425 1354 1470 4.
1375 1409 1638 1458 Sacerdote
1659 1443 1673 1464 ‚
1704 1407 2001 1456 ministrante
2022 1409 2069 1455 in
2091 1407 2315 1457 Nosoco·

176 1490 273 1537 mio
287 1485 508 1536 S.Mariae
528 1485 696 1541 Senis;
735 1496 777 1539 5.
804 1477 1064 1527 Sacerdote
1084 1512 1098 1534 ,
1117 1493 1258 1542 quem
1280 1477 1541 1526 Sacrorum
1558 1474 1832 1524 Clavorum
1854 1475 2129 1539 appellant.

311 1553 644 1620 Qamobrem
670 1584 684 1606 ,
719 1554 775 1596 ‘ut
797 1547 980 1594 Amicis
1002 1545 1298 1606 indulgerem
1314 1580 1329 1601 ‚
1371 1543 1642 1592 incisionem
1662 1541 1878 1591 omissam
1899 1542 2172 1608 aliquarum
2194 1545 2319 1593 lma-

180 1626 350 1688 ginum
371 1623 468 1668 tam
492 1620 723 1666 Virorum
740 1650 753 1670 ,
786 1615 929 1679 quam
964 1612 1291 1661 Foeminarum
1324 1612 1570 1660 Ordinum
1607 1610 1970 1674 Religiosorum
2006 1610 2227 1661 celeriter
2246 1613 2319 1660 fa-

184 1689 403 1740 ciendam
421 1687 588 1734 curavi
608 1705 622 1743 ς
649 1686 859 1746 mihique
881 1698 969 1744 pro
989 1680 1069 1727 sua
1092 1681 1393 1728 humanitate
1413 1677 1727 1740 gratificatus
1758 1677 1823 1726 est
1852 1677 2052 1740 insignis
2074 1714 2089 1735 ‚
2126 1679 2173 1727 &
2194 1680 2319 1728 cele-

185 1758 420 1804 berrimus
442 1753 672 1813 Sculptor
690 1748 974 1797 Sereniffimi
995 1747 1235 1795 Ethruriae
1252 1747 1487 1810 Principis
1509 1746 1758 1794 Arnoldus
1775 1745 2218 1804 Wanvesterouth‚
2237 1763 2323 1812 pa·

188 1825 283 1872 tria
303 1817 664 1881 Antuerpienlis
684 1851 698 1870 ‚
735 1832 828 1862 non
854 1815 1095 1861 Bruxellis
1114 1827 1253 1862 ortus
1273 1849 1287 1869 ‚
1325 1826 1380 1863 ut
1399 1814 1526 1862 falso
1566 1816 1614 1861 in
1637 1813 1731 1860 suis
1752 1815 1944 1877 paginis
1963 1815 2188 1877 Scriptor
2208 1817 2321 1880 qui·

185 1891 296 1938 dam
319 1886 574 1935 affirmavit
594 1919 607 1931 .
644 1882 738 1931 Eas
763 1883 992 1942 catalogo
1011 1882 1253 1929 Ordinum
1278 1883 1568 1929 Militarium
1592 1916 1606 1936 ,
1625 1897 1768 1945 quem
1791 1882 2095 1945 promiseram
2110 1885 2322 1946 praemit-

187 1956 357 2006 tendas
371 1953 579 2007 decrevi,
610 1963 664 1998 ut
682 1951 873 1998 coeteris
897 1948 1069 1997 additae
1083 1965 1209 2011 opus
1231 1949 1494 2011 perfectum
1516 1948 1766 1997 redderent
1786 1968 1802 2009 3
1825 1948 1854 1995 fi
1874 1963 2033 1997 tamen
2056 1950 2320 2013 perfectum

188 2023 352 2071 haberi
379 2021 556 2084 poterit
576 2054 590 2075 ‚
625 2020 731 2065 cum
754 2019 874 2064 forte
896 2017 1022 2064 alius
1045 2015 1324 2079 Religiosus
1340 2016 1478 2064 Ordo
1501 2051 1516 2072 ‚
1537 2017 1692 2066 aliave
1710 2015 2069 2079 Congregatim
2090 2034 2219 2067 nunc
2237 2035 2321 2083 pe·

190 2091 319 2139 nitus
341 2090 507 2150 ignota
532 2121 546 2141 ,
567 2089 611 2133 in
634 2086 791 2132 lucem
813 2085 1041 2147 prodierit
1060 2120 1073 2132 .

329 2158 457 2204 Inter
478 2170 556 2202 eas
579 2154 765 2217 aliquot
783 2153 987 2199 indicari
1007 2150 1185 2199 Leftor
1206 2154 1421 2203 inveniet
1441 2187 1455 2208 ‚
1473 2153 1559 2217 qui
1582 2152 1697 2200 licet
1717 2152 1840 2200 iuter
1859 2150 2073 2201 Ordines
2095 2153 2321 2217 Religio-

194 2225 264 2272 sos
293 2241 386 2271 non
416 2223 880 2284 comprehendantur
899 2255 912 2275 ,
948 2235 1078 2267 more
1111 2232 1269 2267 tamen
1292 2220 1653 2281 Religiosorum
1673 2221 1823 2268 vitam
1844 2220 2107 2269 traducunt
2128 2254 2144 2278 ,
2180 2221 2323 2288 cujus

161 2289 163 2294 ’
194 2294 379 2354 generis
402 2293 447 2336 in
468 2289 717 2349 Catalogo
732 2287 831 2349 jam
854 2285 1070 2350 impreffo
1090 2288 1277 2352 aliquot
1298 2301 1641 2337 enumerantur
1657 2323 1671 2336 .

179 2368 182 2370 “
329 2360 437 2405 Hac
453 2357 641 2404 demum
659 2355 902 2403 occasione
922 2356 1162 2404 Alumnos
1177 2357 1555 2404 Seminariorum
1573 2354 1825 2420 utriusque
1841 2355 1980 2403 sexus
1999 2356 2174 2405 referre
2195 2359 2325 2422 opti-

196 2422 551 2485 mumjudicavi
568 2458 581 2479 ,
620 2426 704 2486 qui
742 2423 906 2471 Romae
936 2425 1174 2487 praecipue
1210 2437 1570 2472 commorantur
1588 2458 1602 2479 ,
1640 2422 1925 2471 indumento
1943 2436 2136 2472 utentes
2158 2458 2172 2480 ,
2218 2443 2321 2490 quo

199 2491 366 2553 linguli
388 2490 413 2538 a
433 2493 614 2539 coeteris
633 2489 997 2552 distinguuntur
1013 2525 1029 2546 ‚
1060 2492 1272 2555 vitaeque
1294 2507 1509 2539 normam
1532 2506 1662 2539 more
1682 2491 1776 2537 fere
1798 2490 2051 2552 Religioso
2068 2492 2319 2550 habentes,

198 2558 310 2607 dum
327 2574 488 2606 omues
509 2558 841 2613 facultatibus,
862 2558 987 2621 ipsos
1006 2557 1287 2607 decentibus
1309 2594 1323 2616 ‚
1343 2574 1540 2623 operam
1560 2568 1759 2616 navant,
1782 2559 2039 2623 omnesque
2054 2559 2323 2611 documen⁴

200 2637 250 2674 ta
266 2627 313 2673 in
334 2626 498 2688 primis
521 2624 781 2673 christianae
801 2627 998 2689 pietatis
1020 2628 1311 2676 erudiuntur
1330 2663 1343 2674 .

332 2691 515 2741 Eorum
535 2694 751 2752 cognitio
773 2691 988 2741 stimulos
1005 2694 1178 2743 eisdem
1201 2694 1343 2742 addet
1366 2730 1379 2749 ‚
1403 2707 1456 2743 ut
1475 2692 1614 2742 finem
1635 2691 1938 2759 assequamur
1957 2728 1972 2750 ‚
1991 2695 2055 2742 ob
2074 2711 2213 2759 quem
2231 2697 2327 2744 tali·

199 2759 327 2807 bono
347 2760 654 2823 perfruuntur
674 2779 691 2819 3
725 2760 931 2809 Coeteris
957 2765 1069 2808 vero
1091 2762 1389 2810 manifestum
1407 2760 1488 2810 fiet
1508 2796 1524 2818 ‚
1558 2764 1702 2827 quam
1724 2762 1922 2824 ingens<
1945 2763 2093 2826 quam
2111 2779 2318 2825 genero-

204 2825 250 2872 sa
270 2828 415 2876 suerit
434 2828 737 2874 Summorum
757 2829 1042 2877 Pontincum
1069 2830 1627 2895 Charitas,aliorumque
1649 2831 1836 2892 piorum
1857 2829 2089 2878 Virorum
2112 2831 2322 2879 liberali-

203 2905 281 2941 tas
308 2927 323 2949 ,
339 2895 422 2958 qui
441 2894 699 2943 Pontifices
719 2897 925 2944 aemulati
944 2931 958 2952 ,
981 2898 1263 2952 Seminasia,
1288 2898 1481 2961 piasque
1506 2897 1695 2946 Domos
1714 2899 1994 2945 excitarunt
2011 2931 2026 2952 ,
2060 2898 2107 2946 8<
2132 2897 2212 2945 sno
2231 2915 2319 2949 aere

207 2959 390 3033 liber-ali
415 2978 555 3008 manu
571 2961 800 3011 dotarunt
819 2997 832 3018 ‚
855 2965 971 3012 utin
995 2966 1051 3010 iis
1076 2982 1333 3028 puerorum
1355 2967 1629 3013 innocentia
1650 2999 1664 3019 ‚
1692 2965 1737 3012 8<
1756 2965 2025 3012 Puellarum
2041 2963 2317 3015 castimonia

215 3028 261 3073 in
281 3032 391 3076 t'uto
408 3026 547 3078 ell‘ent
564 3063 577 3085 ,
597 3045 685 3080 nec
704 3030 894 3079 tantum
912 3031 1212 3081 scientiarum
1234 3069 1246 3089 ,
1284 3034 1357 3081 sed
1386 3049 1624 3081 variarum
1648 3032 1936 3081 facultatum
1954 3065 1969 3088 ,
2005 3034 2052 3079 iu
2071 3047 2320 3083 commune

1595 3101 1624 3164 ξ
2165 3100 2254 3147 1³0-
