2398 3328
573 205 692 259 ‘XNR

496 278 759 337 hdoniaus

152 361 203 417 S.
283 365 336 417 11
379 362 401 414 Ι
444 357 579 414 L.lx
625 358 666 410 i(
711 357 735 409 1
776 357 826 408 Ε)
868 355 923 408 bd
971 355 990 407 1
1032 356 1103 410 S.

209 437 366 476 Aristus
383 433 584 475 Hilarion
598 441 719 471 ortus
739 432 784 469 in
803 428 1025 477 Palefflna,
1042 432 1139 469 cum
1180 465 1183 474 ,,

220 489 390 531 haberet
418 489 620 528 Parentes
660 484 796 524 Idolis
822 482 1018 529 deditos,
1063 495 1141 521 au-

115 554 235 587 dieus
265 553 419 583 nomen
448 542 494 579 B.
513 540 727 585 Antonii,
756 539 935 589 perrexit
964 535 1017 575 ad
1047 537 1140 576 Ere-

116 610 263 645 mum,
301 595 426 635 illum
454 591 718 646 agnoscendi
745 589 928 641 cupidus
959 618 972 637 ‚
1017 590 1054 629 &
1085 589 1139 628 ab

114 652 261 693 eodem
288 646 463 689 vivendi
493 648 703 686 rationem
733 644 887 684 didicit
947 644 1137 683 Domum

111 702 261 746 deinde
275 699 459 742 reversus
474 728 487 748 ‚
505 702 687 739 mortuis
702 697 955 739 Parentibus
973 699 1045 736 {ua
1064 698 1139 737 bo—

110 770 167 798 na
185 754 446 808 Pauperibus
459 753 704 800 distribuit,
738 753 981 804 iterumque
1010 753 1055 790 in
1073 750 1138 790 so-

109 809 340 850 litudinem
368 807 494 848 rediit
512 835 528 855 ‚
555 806 633 846 ubi
662 805 857 846 extructo
886 806 1051 858 exiguo
1068 817 1139 845 tu-

143 865 268 911 urio‚
295 861 411 916 quod
430 863 505 901 vix
531 859 667 913 ipsum
689 870 851 911 caperet
867 887 879 906 ,
911 858 1036 899 humi
1063 872 1144 898 cu-

109 876 272 964 babat,
295 917 334 955 δι
349 914 514 955 saccum
530 942 542 961 ‚
573 926 663 968 quo
675 912 798 954 semel
818 912 964 953 induit
979 941 993 962 ,
1024 925 1145 952 nun—

111 982 241 1024 quam
256 980 330 1010 aut
343 969 451 1009 lavit
463 996 477 1016 ‚
507 979 583 1008 aut
600 969 787 1007 mutavit
801 980 813 1013 3
829 966 1007 1007 demum
1019 967 1144 1007 oao-

167 1022 317 1063 fimum
344 1035 478 1075 agens
508 1033 702 1068 annum,
735 1019 887 1060 multis
922 1019 1142 1062 aediffcatis

84 1074 85 1077 ’
149 1086 438 1117 nacoretarum
464 1074 761 1115 Monasteriis.
793 1074 933 1115 clarus
951 1077 1141 1115 miracu-

107 1130 162 1170 lis
173 1128 368 1182 spiritum
398 1130 488 1168 Deo
507 1126 691 1169 reddidit
706 1158 716 1167 .
748 1127 899 1169 Postea
920 1129 1033 1169 circa.⁴
1057 1142 1142 1168 an-

107 1196 212 1224 num
229 1195 316 1234 325.
337 1183 482 1236 Virgo
497 1181 768 1223 celeberrima
781 1209 799 1229 ,
824 1182 968 1225 Maria
995 1185 1139 1223 nomi-

106 1249 185 1283 ne,
225 1237 495 1277 Hilarionem
525 1237 728 1282 imitata,
759 1235 1004 1288 virginum
1033 1237 1142 1277 Mo-

107 1289 283 1330 nasteria
310 1291 549 1338 excitavit,
615 1288 751 1330 uibus
773 1290 877 1329 vitae
902 1290 1141 1331 anachore-

106 1345 194 1383 ticae
209 1343 379 1396 regulas
401 1342 583 1395 prescrip
617 1352 666 1383 t..
693 1342 760 1384 De⁴
784 1343 861 1383 ilia
891 1342 944 1384 fit
969 1347 1135 1385 mentio

108 1397 153 1435 in
171 1396 417 1439 Annalibus
428 1396 756 1439 carmelitarum
770 1396 796 1438 ὲ
814 1398 854 1438 Ρ.
873 1397 1039 1451 joanne
1054 1400 1139 1438 Ba·-

106 1449 231 1541 fltista
246 1450 437 1492 Lezzana
449 1450 613 1505 scriptis
632 1449 689 1490 ad
703 1462 875 1490 annum
893 1453 1130 1502 326.nu.16.

138 1504 174 1543 is
202 1503 371 1545 verbis:
398 1503 598 1547 Occurrit
622 1505 755 1544 etiam
790 1506 1003 1547 memoria.
1028 1507 1134 1547 Vir-

101 1558 265 1651 ganum
307 1555 518 1598 sacrarum
555 1557 810 1599 Monasterii
848 1560 889 1599 S.
907 1559 1131 1612 Sepulchri

151 1608 481 1662 ‘erosolymitani
498 1609 524 1650 ὲ
539 1610 590 1650 D.
611 1609 782 1652 Helena
797 1613 950 1660 efficii,
978 1615 1023 1653 in
1039 1626 1138 1667 quo

101 1661 340 1704 fuitMaria
354 1691 368 1711 ‚
403 1665 572 1712 Mater-2.
605 1664 647 1705 δι
663 1664 854 1705 Prioriffit
872 1697 887 1706 .
912 1666 1135 1722 Qamvis

101 1725 244 1757 autem
264 1716 316 1758 de
330 1716 416 1770 ipsa
460 1730 570 1757 auca
584 1719 628 1756 in
647 1717 835 1758 historiis
849 1723 1127 1770 reperiantur,

101 1767 386 1811 nihilominus
442 1771 716 1811 anaimoniae
741 1770 998 1813 claritudine
1027 1773 1128 1814 infi-

99 1832 232 1875 gnem
250 1820 398 1872 fuisse,
426 1824 497 1864 vel
524 1836 578 1864 ex
606 1837 664 1864 eo.
682 1822 940 1875 conjicitur,
966 1827 1085 1880 quod
1102 1828 1131 1869 ὲ

99 1872 274 1926 piiffima
302 1875 472 1919 Helena.
506 1890 589 1930 prae
616 1877 717 1917 aliis.
742 1877 844 1918 huic
859 1879 1126 1922 Monasterio

97 1927 240 1969 Mater
264 1928 366 1971 data
377 1929 532 1978 fuerit3
558 1931 620 1970 Ex
645 1933 828 1985 antiqua
855 1933 947 1973 lma
986 1935 1055 1974 ine
1071 1935 1129 1975 il-

94 1979 186 2023 lius
207 1982 516 2024 indumentum
528 1983 721 2036 exposuit
739 1986 862 2028 Pater
875 1986 933 2025 Lu
967 1990 1127 2029 ovicus

94 2035 284 2076 Beurrier
304 2038 355 2077 in
367 2035 444 2078 suo
457 2037 671 2091 Catalogo
685 2038 930 2092 Virginum
951 2040 1117 2083 Parifiis

23 2104 25 2107 ⁴
92 2088 414 2143 impresshanno
431 2090 542 2130 1661.
575 2103 694 2131 num.
716 2104 777 2132 12.
804 2092 1022 2135 Tunicam
1039 2108 1123 2149 ge-

91 2142 152 2183 rit
173 2153 268 2183 non
282 2142 408 2183 valde
434 2143 683 2196 productam
712 2147 836 2199 grisei
853 2148 1036 2198 coloris,
1076 2150 1117 2191 ὃ(

162 2194 271 2257 lium
290 2195 412 2259 breve
438 2197 592 2261 coloris
609 2200 825 2241 mustelini
843 2232 852 2240 .
883 2203 1028 2255 Caput
1044 2218 1115 2246 ve-

109 2259 248 2292 amine
263 2260 390 2301 nigro
425 2259 588 2305 tegitur
602 2281 616 2301 ,
645 2254 754 2296 circa
784 2255 968 2297 frontem
987 2256 1119 2301 fascia

92 2299 190 2341 alba
201 2301 415 2355 praecinsso
428 2333 440 2343 .

460 2633 730 2902 ἓξὲξ

1684 200 1803 253 :xxm

1626 276 1858 330 &donaca

1264 356 1345 408 131
1428 355 1480 410 S.
1547 353 1568 406 1
1615 355 1751 408 L.l&
1796 351 2001 406 R.1.()
2046 352 2102 406 b<
2146 351 2222 405 E.

1367 428 1543 468 Avendo
1560 427 1682 467 udita
1714 429 1754 467 S.
1773 426 1958 466 natione
1975 429 2022 465 in
2035 426 2258 473 Palestina,

1377 497 1457 523 ove
1475 497 1544 523 era
1562 493 1668 521 nato
1697 482 1743 521 la
1753 481 1870 520 fama
1898 479 1968 520 del
1992 480 2161 531 grande
2174 482 2261 518 An-

1222 554 1346 580 tonio
1363 567 1376 586 ‚
1409 537 1438 576 il
1461 536 1595 590 quale
1617 536 1773 575 viveva
1790 535 1834 571 in
1856 533 2086 573 solitudine
2101 562 2114 580 ‚
2144 548 2166 573 e
2184 534 2259 573 ha-

1224 593 1367 633 vendo
1384 590 1417 631 li
1431 591 1626 631 Genitori
1641 588 1814 628 idolatri
1831 615 1844 634 ‚
1884 586 1989 638 parti
2022 587 2136 626 dalla
2155 587 2259 628 Casa

1223 658 1403 699 paterna
1428 658 1506 697 per
1527 642 1748 683 conoscere
1778 643 1821 680 in
1840 641 1990 693 Egitto
2008 642 2106 694 quel
2125 642 2259 681 Santo

1222 704 1491 741 Anacoreta.
1518 698 1584 738 lvi
1601 696 1810 737 osservato
1827 695 1860 734 il
1887 694 2019 734 modo
2047 695 2116 734 del
2132 696 2175 735 di
2195 696 2256 734 lui

1222 757 1399 799 vivere,
1424 755 1557 793 torni>-
1578 750 1669 791 alla.
1695 748 1788 789 casa
1805 760 1979 800 paterna
1997 777 2010 796 ‚
2042 762 2062 788 e
2080 751 2207 789 morti
2227 749 2256 788 li

1219 807 1443 854 Genitori,
1473 804 1678 857 dispenso.
1706 802 1788 843 alli
1809 803 1966 843 Poveri
1994 813 2111 842 tutte·
2134 804 2170 843 le
2188 803 2256 843 sue

1220 861 1376 902 facolta
1393 888 1413 908 ,,
1438 858 1686 912 eleggendo
1699 857 1749 898 di
1761 858 1908 896 vivere
1929 856 2043 896 nella
2058 855 2255 898 solitudi-

1219 928 1303 963 ne,
1334 928 1416 954 ove
1432 913 1558 954 abito,
1582 914 1632 952 in
1659 924 1721 952 un
1737 910 1903 963 piccolo
1916 912 2102 963 tugurio
2114 939 2134 959 ,
2156 911 2254 951 dor-

1215 968 1374 1010 mendo
1403 970 1459 1007 sit
1484 967 1526 1007 la
1542 966 1660 1006 nuda
1676 977 1783 1006 terra
1798 992 1819 1012 ‚
1843 964 1896 1004 ne
1913 966 2001 1003 mai
2029 963 2061 1003 fi.
2088 964 2255 1018 spoglio

1215 1023 1283 1064 del
1306 1024 1452 1077 primo-
1473 1021 1629 1068 abito,
1655 1019 1708 1060 ne
1738 1020 1824 1058 mai
1860 1017 1907 1057 lo.
1934 1018 2064 1057 lavo-
2090 1020 2255 1059 Giunto

1216 1076 1362 1118 all'eta
1378 1075 1425 1115 di
1438 1074 1501 1115 80.
1516 1077 1623 1116 anni
1642 1102 1655 1121 ‚
1685 1073 1836 1126 doppo
1865 1071 2024 1112 havere
2048 1072 2253 1113 instituiti

1216 1131 1341 1171 molti
1357 1128 1608 1170 Monasterii
1634 1128 1680 1167 di
1701 1127 1930 1167 Anacoreti
1944 1153 1959 1174 ‚
1987 1126 2141 1166 chiaro
2151 1140 2222 1179 per
2239 1129 2252 1166 i

1214 1183 1437 1231 miracoli,
1465 1182 1497 1222 fi
1528 1184 1671 1235 riposo
1688 1182 1756 1221 nel
1779 1182 1963 1233 Signore
1979 1210 1995 1220 „
2021 1179 2089 1219 Ad
2106 1182 2251 1221 imita-

1214 1240 1342 1279 zione
1356 1236 1479 1279 dilui
1494 1248 1582 1276 una
1599 1234 1759 1276 celebre
1778 1234 2020 1281 Donzella,
2032 1233 2252 1274 chiam-‘ita

1212 1292 1357 1333 Maria
1372 1319 1391 1339 ,
1415 1292 1530 1332 circa
1544 1291 1703 1329 l’anno-
1716 1300 1806 1339 325.
1825 1287 2029 1339 promosl‘e
2046 1287 2252 1328 l'lstituto

1213 1345 1265 1387 di
1276 1346 1465 1399 Vergini
1479 1343 1697 1390 solitarie,
1721 1341 1868 1382 dando
1881 1342 1979 1381 loro
1990 1342 2133 1394 regole
2151 1345 2258 1382 uni--

1212 1399 1343 1440 fornii
1361 1411 1385 1438 a
1400 1398 1544 1452 quelle
1559 1397 1605 1438 di
1623 1396 1860 1437 Silai-ione·
1878 1426 1894 1434 ..
1919 1395 1976 1435 Di
1989 1395 2070 1435 effa
2083 1395 2120 1436 se
2136 1409 2188 1437 ne
2207 1396 2250 1438 fa

1211 1455 1445 1495 menzione
1471 1452 1595 1505 negli
1623 1449 1784 1490 Annali
1826 1448 1928 1490 dell’
1943 1449 2111 1490 Ordine
2137 1452 2257 1490 anti-⁷

1212 1506 1407 1548 chiffimo
1432 1504 1734 1547 Carmelitano
1774 1502 1851 1543 dal
1885 1503 1928 1544 P.
1947 1503 2045 1544 Gio:
2073 1504 2255 1545 Battista

1211 1563 1406 1602 Lezzana
1439 1559 1519 1601 all’
1532 1571 1651 1600 anno
1667 1559 1756 1610 326.
1777 1569 1901 1596 numi
1922 1557 1980 1595 16.
1999 1556 2214 1597 dicendosi
2231 1587 2245 1606 ,

1209 1615 1289 1656 che
1306 1617 1421 1656 circa
1445 1614 1567 1655 detto
1597 1623 1744 1664 tempo
1772 1610 1799 1649 sl
1831 1610 1875 1651 fa
1902 1612 2110 1651 memoria
2136 1612 2246 1652 d'un

1210 1668 1486 1716 Monastero,
1513 1667 1634 1707 detto
1650 1665 1718 1706 del
1747 1664 2020 1718 S Sepolcro‚
2051 1667 2097 1704 in
2114 1666 2247 1706 Geru—

1209 1721 1437 1770 salemme‚
1463 1720 1661 1762 edificate
1690 1718 1807 1758 dalla
1829 1719 2139 1770 S.1mperatrice
2155 1720 2251 1760 Ele-

1207 1787 1263 1815 na
1277 1803 1297 1823 ,
1328 1777 1374 1815 in
1388 1777 1459 1816 cui
1474 1775 1520 1814 fti
1535 1774 1747 1814 collocata
1763 1785 1834 1825 per
1845 1774 2071 1824 Superiora
2087 1773 2243 1821 Μανίας

1207 1828 1378 1869 benche
1404 1841 1518 1882 poco
1546 1827 1578 1867 fi
1606 1828 1722 1868 trovi
1750 1826 1917 1866 riferito
1943 1826 1988 1865 di
2018 1826 2096 1866 essa
2125 1828 2247 1878 negli

1204 1881 1388 1922 Annali.
1418 1884 1468 1923 Si
1493 1881 1540 1923 sa
1557 1883 1687 1934 pero,
1711 1879 1791 1920 che
1806 1879 1852 1919 fu
1869 1879 2022 1920 Madre
2034 1908 2053 1928 .··
2078 1894 2100 1920 e
2117 1881 2243 1921 Insti-

1205 1938 1364 1979 tutrice
1390 1934 1438 1975 di
1463 1935 1599 1976 molte
1630 1933 1874 1976 Monache.
1906 1934 1940 1973 11
1968 1934 2014 1974 P.
2027 1934 2246 1974 Ludovico
2279 1979 2281 1983 ¹

1202 1992 1395 2031 Beurrier
1423 1989 1493 2030 nel
1509 1988 1586 2030 suo
1600 1989 1818 2041 Catalogo
1834 1987 1880 2027 di
1898 1988 2101 2040 Vergini,
2118 1988 2246 2027 stam·

1201 2055 1307 2097 pato
1331 2044 1379 2084 in
1406 2044 1557 2096 Parigi
1582 2043 1651 2084 nel
1677 2043 1791 2082 1660.
1808 2042 1850 2083 al
1866 2054 2055 2081 num.12.
2075 2055 2127 2082 ne
2143 2054 2242 2094 pro-

1198 2097 1315 2139 dusse
1330 2099 1558 2139 un’antica
1579 2097 1778 2150 Imagine
1791 2123 1809 2144 ,
1833 2098 1881 2135 in
1898 2097 1969 2136 cui
1986 2094 2015 2135 fi
2030 2096 2134 2136 vede
2151 2109 2240 2138 una

1196 2162 1380 2200 tonaca,
1411 2164 1502 2191 non
1526 2153 1624 2203 pero
1642 2151 1794 2203 lunga,
1813 2148 1906 2189 fino
1921 2162 1946 2189 a
1962 2149 2091 2202 piedi,
2107 2149 2153 2189 di
2166 2163 2238 2190 co-

1197 2206 1287 2247 lore
1301 2207 1455 2258 grigio
1469 2233 1483 2253 ,
1514 2218 1535 2248 e
1552 2217 1612 2244 un
1629 2204 1847 2244 Mantello
1862 2214 1981 2243 corto
1993 2202 2147 2244 chiuso
2161 2231 2174 2250 ,
2189 2203 2235 2244 di

1195 2260 1337 2300 colore
1351 2258 1521 2299 lionato
1538 2289 1548 2298 .
1578 2258 1614 2298 ll
1629 2270 1742 2309 ,capo
1758 2258 1780 2299 ὲ
1797 2270 1876 2309 cop
1886 2267 1976 2298 erto
2004 2257 2112 2298 d’un
2129 2270 2235 2309 pan-

1195 2327 1254 2354 no
1283 2325 1414 2362 nero,
1456 2314 1575 2355 cinto
1605 2310 1725 2364 sopra
1754 2311 1796 2353 la
1824 2311 1965 2352 fronte
1992 2324 2074 2352 con
2103 2311 2237 2353 fascia

1191 2368 1346 2410 bianca
1360 2396 1370 2407 .

1573 2639 1835 2909 iiii
